3060 5182
160 487 231 533 CAP.
245 487 295 532 Xll.
405 492 450 543 DE
470 491 563 542 ENTE
583 491 901 542 PREDICAMENTALI.

162 667 278 723 actum,
302 655 355 710 sed
378 652 497 710 volucio
521 671 576 710 sua
600 665 713 719 eterna,
739 671 797 726 que
815 664 858 708 est
874 651 986 709 relacio
1009 651 1151 724 racionis,

163 740 328 816 principiat
361 740 517 814 agencium
550 758 637 797 suam
666 741 865 813 temporalem
900 740 938 796 ad
968 752 1059 810 extra,
1093 758 1152 814 que

163 842 208 885 est
232 826 343 885 relacio
368 826 511 896 racionis,
541 840 570 884 et
594 826 637 884 sic
661 839 790 901 utraque
813 827 878 884 sola
901 825 1023 883 racione
1047 845 1064 882 a
1089 829 1152 883 Deo

164 915 274 986 differt,
300 933 369 971 cum
392 934 455 971 non
479 913 517 971 sit
540 933 588 971 res
605 932 659 988 per
683 933 714 970 se
737 913 769 969 in
785 931 908 987 genere3
934 926 962 970 et
985 913 1028 970 ita
1044 915 1152 987 grada-

138 1002 219 1060 §tim
236 1021 253 1059 a
276 1000 407 1076 simplici
424 1004 488 1058 Deo
512 1000 649 1076 procedit
666 1000 840 1072 multitudo,
865 1000 917 1070 sic,
942 1002 1024 1075 quod
1041 1000 1071 1056 in
1088 1003 1152 1057 Deo

163 1109 226 1147 non
259 1102 303 1146 est
335 1087 496 1146 distinccio
528 1087 698 1145 formaliter
732 1087 788 1144 sibi
822 1087 1060 1157 inexisteucium,
1093 1086 1151 1144 nisi

164 1176 324 1234 distinccio
348 1175 491 1247 racionis,
516 1189 549 1232 ut
572 1188 655 1250 patet
672 1177 708 1232 de
731 1174 815 1248 ydeis
839 1187 868 1231 et
888 1173 1097 1231 volucionibus
1121 1173 1151 1230 in

164 1266 239 1336 Deo,
263 1262 315 1334 sic,
340 1265 423 1338 quod
446 1262 545 1338 prima
568 1263 667 1337 pulsio
691 1274 829 1319 creature
846 1261 1024 1336 producitur
1047 1281 1064 1319 a
1088 1280 1152 1318 mo-

163 1351 268 1409 vencia
285 1350 350 1422 Dei,
375 1369 434 1425 que
451 1364 495 1408 est
518 1349 630 1408 relacio
647 1348 792 1420 racionis;
817 1362 846 1406 et
862 1368 1053 1424 quecumque
1070 1367 1152 1406 crea-

122 1452 234 1501 rotura
260 1451 366 1519 'movet
394 1437 496 1508 aliam,
530 1437 802 1511 producit-actum
835 1436 892 1494 sibi
921 1435 1150 1506 accidentalem,

62 1529 66 1538 '
129 1513 332 1583 *secundum
357 1543 448 1601 quem
472 1524 637 1600 principiat
660 1537 778 1581 motum
803 1517 887 1606 etc}

217 1761 239 1806 8.
255 1767 329 1812 coa.-
344 1741 562 1827 asama-cta.
