<?xml version="1.0" encoding="UTF-8"?>
<!DOCTYPE html PUBLIC "-//W3C//DTD XHTML 1.0 Transitional//EN"
    "http://www.w3.org/TR/xhtml1/DTD/xhtml1-transitional.dtd">
<html xmlns="http://www.w3.org/1999/xhtml" xml:lang="en" lang="en">
 <head>
  <title>
</title>
<meta http-equiv="Content-Type" content="text/html;charset=utf-8" />
  <meta name='ocr-system' content='tesseract 3.04.00' />
  <meta name='ocr-capabilities' content='ocr_page ocr_carea ocr_par ocr_line ocrx_word'/>
</head>
<body>
  <div class='ocr_page' id='page_1' title='image "./joanniswiclifde00wyclgoog_0129.png"; bbox 0 0 3060 5182; ppageno 0'>
   <div class='ocr_carea' id='block_1_1' title="bbox 172 470 914 526">
    <p class='ocr_par' dir='ltr' id='par_1_1' title="bbox 172 470 914 526">
     <span class='ocr_line' id='line_1_1' title="bbox 172 470 914 526; baseline 0.005 -5"><span class='ocrx_word' id='word_1_1' title='bbox 172 470 241 514; x_wconf 80' lang='lat' dir='ltr'>CAP.</span> <span class='ocrx_word' id='word_1_2' title='bbox 256 471 284 514; x_wconf 77' lang='grc' dir='ltr'>Χ·</span> <span class='ocrx_word' id='word_1_3' title='bbox 420 476 465 525; x_wconf 89' lang='lat' dir='ltr'>DE</span> <span class='ocrx_word' id='word_1_4' title='bbox 485 475 577 525; x_wconf 85' lang='lat' dir='ltr'>ENTE</span> <span class='ocrx_word' id='word_1_5' title='bbox 598 475 914 526; x_wconf 79' lang='lat' dir='ltr'>PREDICAMENTALI.</span> 
     </span>
    </p>
   </div>
   <div class='ocr_carea' id='block_1_2' title="bbox 51 635 1163 2370">
    <p class='ocr_par' dir='ltr' id='par_1_2' title="bbox 51 635 1163 2370">
     <span class='ocr_line' id='line_1_2' title="bbox 171 635 1162 710; baseline 0 -17"><span class='ocrx_word' id='word_1_6' title='bbox 171 651 245 694; x_wconf 88' lang='lat' dir='ltr'>tunc</span> <span class='ocrx_word' id='word_1_7' title='bbox 277 655 339 692; x_wconf 90' lang='lat' dir='ltr'>non</span> <span class='ocrx_word' id='word_1_8' title='bbox 372 649 448 692; x_wconf 90' lang='lat' dir='ltr'>esset</span> <span class='ocrx_word' id='word_1_9' title='bbox 482 635 571 692; x_wconf 84' lang='lat' dir='ltr'>realis</span> <span class='ocrx_word' id='word_1_10' title='bbox 604 635 746 709; x_wconf 84' lang='lat' dir='ltr'>prioritas</span> <span class='ocrx_word' id='word_1_11' title='bbox 775 636 930 706; x_wconf 89' lang='lat' dir='ltr'>naturalis,</span> <span class='ocrx_word' id='word_1_12' title='bbox 965 656 1035 710; x_wconf 87' lang='lat' dir='ltr'>ymo</span> <span class='ocrx_word' id='word_1_13' title='bbox 1065 650 1162 694; x_wconf 84' lang='lat' dir='ltr'>essent</span> 
     </span>
     <span class='ocr_line' id='line_1_3' title="bbox 172 722 1163 798; baseline 0 -18"><span class='ocrx_word' id='word_1_14' title='bbox 172 723 283 780; x_wconf 91' lang='lat' dir='ltr'>infiniti</span> <span class='ocrx_word' id='word_1_15' title='bbox 308 725 419 798; x_wconf 88' lang='lat' dir='ltr'>gradus</span> <span class='ocrx_word' id='word_1_16' title='bbox 443 722 612 797; x_wconf 86' lang='lat' dir='ltr'>prioritatis</span> <span class='ocrx_word' id='word_1_17' title='bbox 636 723 666 779; x_wconf 94' lang='lat' dir='ltr'>in</span> <span class='ocrx_word' id='word_1_18' title='bbox 683 727 757 794; x_wconf 89' lang='lat' dir='ltr'>Deo,</span> <span class='ocrx_word' id='word_1_19' title='bbox 783 737 811 780; x_wconf 91' lang='lat' dir='ltr'>et</span> <span class='ocrx_word' id='word_1_20' title='bbox 835 722 987 781; x_wconf 89' lang='lat' dir='ltr'>infinitum</span> <span class='ocrx_word' id='word_1_21' title='bbox 1012 724 1163 798; x_wconf 83' lang='lat' dir='ltr'>posterior</span> 
     </span>
     <span class='ocr_line' id='line_1_4' title="bbox 172 809 1163 886; baseline -0.001 -18"><span class='ocrx_word' id='word_1_22' title='bbox 172 813 250 868; x_wconf 87' lang='lat' dir='ltr'>foret</span> <span class='ocrx_word' id='word_1_23' title='bbox 275 809 398 869; x_wconf 90' lang='lat' dir='ltr'>homine</span> <span class='ocrx_word' id='word_1_24' title='bbox 427 824 456 867; x_wconf 93' lang='lat' dir='ltr'>et</span> <span class='ocrx_word' id='word_1_25' title='bbox 480 829 673 886; x_wconf 87' lang='lat' dir='ltr'>quacumque</span> <span class='ocrx_word' id='word_1_26' title='bbox 702 810 761 868; x_wconf 90' lang='lat' dir='ltr'>alia</span> <span class='ocrx_word' id='word_1_27' title='bbox 786 825 934 868; x_wconf 89' lang='lat' dir='ltr'>creatura.</span> <span class='ocrx_word' id='word_1_28' title='bbox 969 811 1000 868; x_wconf 88' lang='lat' dir='ltr'>Si</span> <span class='ocrx_word' id='word_1_29' title='bbox 1024 829 1095 885; x_wconf 86' lang='lat' dir='ltr'>ergo</span> <span class='ocrx_word' id='word_1_30' title='bbox 1119 823 1163 867; x_wconf 91' lang='lat' dir='ltr'>est</span> 
     </span>
     <span class='ocr_line' id='line_1_5' title="bbox 172 896 1162 973; baseline -0.002 -17"><span class='ocrx_word' id='word_1_31' title='bbox 172 902 246 956; x_wconf 92' lang='lat' dir='ltr'>dare</span> <span class='ocrx_word' id='word_1_32' title='bbox 269 901 381 973; x_wconf 84' lang='lat' dir='ltr'>gradus</span> <span class='ocrx_word' id='word_1_33' title='bbox 405 896 573 973; x_wconf 84' lang='lat' dir='ltr'>prioritatis</span> <span class='ocrx_word' id='word_1_34' title='bbox 589 897 746 970; x_wconf 91' lang='lat' dir='ltr'>naturalis,</span> <span class='ocrx_word' id='word_1_35' title='bbox 771 911 814 955; x_wconf 90' lang='lat' dir='ltr'>est</span> <span class='ocrx_word' id='word_1_36' title='bbox 831 900 904 956; x_wconf 93' lang='lat' dir='ltr'>dare</span> <span class='ocrx_word' id='word_1_37' title='bbox 921 898 979 956; x_wconf 92' lang='lat' dir='ltr'>alia</span> <span class='ocrx_word' id='word_1_38' title='bbox 996 900 1162 955; x_wconf 89' lang='lat' dir='ltr'>secundum</span> 
     </span>
     <span class='ocr_line' id='line_1_6' title="bbox 147 984 1162 1061; baseline 0.005 -23"><span class='ocrx_word' id='word_1_39' title='bbox 147 987 237 1044; x_wconf 68' lang='lat' dir='ltr'>§rem</span> <span class='ocrx_word' id='word_1_40' title='bbox 261 988 308 1042; x_wconf 93' lang='lat' dir='ltr'>vel</span> <span class='ocrx_word' id='word_1_41' title='bbox 332 985 487 1043; x_wconf 88' lang='lat' dir='ltr'>racionem</span> <span class='ocrx_word' id='word_1_42' title='bbox 512 984 670 1058; x_wconf 87' lang='lat' dir='ltr'>distincta;</span> <span class='ocrx_word' id='word_1_43' title='bbox 694 985 773 1042; x_wconf 89' lang='lat' dir='ltr'>inter</span> <span class='ocrx_word' id='word_1_44' title='bbox 796 1005 854 1061; x_wconf 90' lang='lat' dir='ltr'>que</span> <span class='ocrx_word' id='word_1_45' title='bbox 878 999 922 1043; x_wconf 94' lang='lat' dir='ltr'>est</span> <span class='ocrx_word' id='word_1_46' title='bbox 941 985 993 1042; x_wconf 84' lang='lat' dir='ltr'>illa</span> <span class='ocrx_word' id='word_1_47' title='bbox 1010 985 1162 1059; x_wconf 90' lang='lat' dir='ltr'>prioritas,</span> 
     </span>
     <span class='ocr_line' id='line_1_7' title="bbox 173 1072 1163 1148; baseline 0 -17"><span class='ocrx_word' id='word_1_48' title='bbox 173 1087 202 1131; x_wconf 93' lang='lat' dir='ltr'>et</span> <span class='ocrx_word' id='word_1_49' title='bbox 226 1072 290 1131; x_wconf 92' lang='lat' dir='ltr'>sine</span> <span class='ocrx_word' id='word_1_50' title='bbox 320 1072 412 1130; x_wconf 91' lang='lat' dir='ltr'>dubio</span> <span class='ocrx_word' id='word_1_51' title='bbox 442 1091 488 1130; x_wconf 88' lang='lat' dir='ltr'>res</span> <span class='ocrx_word' id='word_1_52' title='bbox 517 1072 647 1130; x_wconf 85' lang='lat' dir='ltr'>maxime</span> <span class='ocrx_word' id='word_1_53' title='bbox 675 1072 838 1148; x_wconf 88' lang='lat' dir='ltr'>participes</span> <span class='ocrx_word' id='word_1_54' title='bbox 870 1075 969 1131; x_wconf 90' lang='lat' dir='ltr'>forent</span> <span class='ocrx_word' id='word_1_55' title='bbox 1001 1073 1076 1129; x_wconf 90' lang='lat' dir='ltr'>tales</span> <span class='ocrx_word' id='word_1_56' title='bbox 1105 1075 1163 1131; x_wconf 93' lang='lat' dir='ltr'>due</span> 
     </span>
     <span class='ocr_line' id='line_1_8' title="bbox 171 1159 1162 1236; baseline -0.002 -18"><span class='ocrx_word' id='word_1_57' title='bbox 171 1160 324 1234; x_wconf 90' lang='lat' dir='ltr'>veritates,</span> <span class='ocrx_word' id='word_1_58' title='bbox 357 1162 440 1236; x_wconf 94' lang='lat' dir='ltr'>quod</span> <span class='ocrx_word' id='word_1_59' title='bbox 464 1163 544 1216; x_wconf 90' lang='lat' dir='ltr'>Deus</span> <span class='ocrx_word' id='word_1_60' title='bbox 569 1159 630 1234; x_wconf 88' lang='lat' dir='ltr'>agit</span> <span class='ocrx_word' id='word_1_61' title='bbox 660 1161 727 1232; x_wconf 87' lang='lat' dir='ltr'>hoc,</span> <span class='ocrx_word' id='word_1_62' title='bbox 757 1172 785 1217; x_wconf 92' lang='lat' dir='ltr'>et</span> <span class='ocrx_word' id='word_1_63' title='bbox 814 1163 895 1236; x_wconf 91' lang='lat' dir='ltr'>quod</span> <span class='ocrx_word' id='word_1_64' title='bbox 925 1163 995 1218; x_wconf 91' lang='lat' dir='ltr'>data</span> <span class='ocrx_word' id='word_1_65' title='bbox 1024 1174 1162 1218; x_wconf 86' lang='lat' dir='ltr'>creatura</span> 
     </span>
     <span class='ocr_line' id='line_1_9' title="bbox 172 1246 1161 1323; baseline -0.002 -17"><span class='ocrx_word' id='word_1_66' title='bbox 172 1248 237 1323; x_wconf 84' lang='lat' dir='ltr'>agit</span> <span class='ocrx_word' id='word_1_67' title='bbox 253 1250 321 1319; x_wconf 85' lang='lat' dir='ltr'>hoc,</span> <span class='ocrx_word' id='word_1_68' title='bbox 338 1266 397 1323; x_wconf 93' lang='lat' dir='ltr'>que</span> <span class='ocrx_word' id='word_1_69' title='bbox 413 1261 627 1322; x_wconf 89' lang='lat' dir='ltr'>supponuntur</span> <span class='ocrx_word' id='word_1_70' title='bbox 644 1266 708 1305; x_wconf 90' lang='lat' dir='ltr'>esse</span> <span class='ocrx_word' id='word_1_71' title='bbox 725 1248 858 1322; x_wconf 90' lang='lat' dir='ltr'>agencie,</span> <span class='ocrx_word' id='word_1_72' title='bbox 875 1267 951 1323; x_wconf 91' lang='lat' dir='ltr'>quas</span> <span class='ocrx_word' id='word_1_73' title='bbox 966 1246 1161 1319; x_wconf 87' lang='lat' dir='ltr'>intendimus,</span> 
     </span>
     <span class='ocr_line' id='line_1_10' title="bbox 173 1334 1162 1410; baseline -0.001 -18"><span class='ocrx_word' id='word_1_74' title='bbox 173 1355 243 1392; x_wconf 87' lang='lat' dir='ltr'>curn</span> <span class='ocrx_word' id='word_1_75' title='bbox 267 1336 342 1393; x_wconf 90' lang='lat' dir='ltr'>tales</span> <span class='ocrx_word' id='word_1_76' title='bbox 365 1347 487 1410; x_wconf 88' lang='lat' dir='ltr'>oportet</span> <span class='ocrx_word' id='word_1_77' title='bbox 511 1336 594 1406; x_wconf 88' lang='lat' dir='ltr'>dare,</span> <span class='ocrx_word' id='word_1_78' title='bbox 628 1348 657 1391; x_wconf 88' lang='lat' dir='ltr'>et</span> <span class='ocrx_word' id='word_1_79' title='bbox 681 1335 755 1392; x_wconf 88' lang='lat' dir='ltr'>alias</span> <span class='ocrx_word' id='word_1_80' title='bbox 783 1334 942 1410; x_wconf 85' lang='lat' dir='ltr'>superfluit</span> <span class='ocrx_word' id='word_1_81' title='bbox 971 1353 1099 1408; x_wconf 85' lang='lat' dir='ltr'>ponere;</span> <span class='ocrx_word' id='word_1_82' title='bbox 1134 1348 1162 1392; x_wconf 91' lang='lat' dir='ltr'>et</span> 
     </span>
     <span class='ocr_line' id='line_1_11' title="bbox 131 1421 1161 1497; baseline -0.001 -17"><span class='ocrx_word' id='word_1_83' title='bbox 131 1440 161 1472; x_wconf 92' lang='lat'>10</span> <span class='ocrx_word' id='word_1_84' title='bbox 173 1437 290 1480; x_wconf 89' lang='lat' dir='ltr'>certum</span> <span class='ocrx_word' id='word_1_85' title='bbox 308 1436 361 1494; x_wconf 94' lang='lat' dir='ltr'>est,</span> <span class='ocrx_word' id='word_1_86' title='bbox 378 1424 460 1497; x_wconf 93' lang='lat' dir='ltr'>quod</span> <span class='ocrx_word' id='word_1_87' title='bbox 477 1421 602 1496; x_wconf 83' lang='lat' dir='ltr'>signatis</span> <span class='ocrx_word' id='word_1_88' title='bbox 618 1421 678 1479; x_wconf 90' lang='lat' dir='ltr'>illis</span> <span class='ocrx_word' id='word_1_89' title='bbox 694 1421 870 1479; x_wconf 88' lang='lat' dir='ltr'>veritatibus</span> <span class='ocrx_word' id='word_1_90' title='bbox 887 1441 940 1497; x_wconf 89' lang='lat' dir='ltr'>per</span> <span class='ocrx_word' id='word_1_91' title='bbox 952 1424 978 1478; x_wconf 93' lang='lat' dir='ltr'><strong>A</strong></span> <span class='ocrx_word' id='word_1_92' title='bbox 991 1424 1055 1478; x_wconf 87' lang='lat' dir='ltr'>etB</span> <span class='ocrx_word' id='word_1_93' title='bbox 1073 1422 1161 1496; x_wconf 81' lang='lat' dir='ltr'>longe</span> 
     </span>
     <span class='ocr_line' id='line_1_12' title="bbox 173 1509 1161 1585; baseline -0.001 -19"><span class='ocrx_word' id='word_1_94' title='bbox 173 1510 257 1585; x_wconf 90' lang='lat' dir='ltr'>prius</span> <span class='ocrx_word' id='word_1_95' title='bbox 280 1509 458 1567; x_wconf 90' lang='lat' dir='ltr'>naturaliter</span> <span class='ocrx_word' id='word_1_96' title='bbox 481 1523 526 1566; x_wconf 88' lang='lat' dir='ltr'>est</span> <span class='ocrx_word' id='word_1_97' title='bbox 541 1512 577 1582; x_wconf 89' lang='lat' dir='ltr'>A,</span> <span class='ocrx_word' id='word_1_98' title='bbox 595 1529 687 1585; x_wconf 92' lang='lat' dir='ltr'>quarn</span> <span class='ocrx_word' id='word_1_99' title='bbox 705 1513 737 1580; x_wconf 89' lang='lat' dir='ltr'>B,</span> <span class='ocrx_word' id='word_1_100' title='bbox 761 1509 792 1566; x_wconf 93' lang='lat' dir='ltr'>in</span> <span class='ocrx_word' id='word_1_101' title='bbox 811 1522 941 1581; x_wconf 87' lang='lat' dir='ltr'>tanturn,</span> <span class='ocrx_word' id='word_1_102' title='bbox 966 1511 1048 1584; x_wconf 92' lang='lat' dir='ltr'>quod</span> <span class='ocrx_word' id='word_1_103' title='bbox 1066 1509 1161 1584; x_wconf 91' lang='lat' dir='ltr'>possi-</span> 
     </span>
     <span class='ocr_line' id='line_1_13' title="bbox 51 1591 1161 1679; baseline -0.001 -25"><span class='ocrx_word' id='word_1_104' title='bbox 51 1601 87 1650; x_wconf 86' lang='lat' dir='ltr'>F·</span> <span class='ocrx_word' id='word_1_105' title='bbox 104 1614 161 1662; x_wconf 81' lang='lat'>214</span> <span class='ocrx_word' id='word_1_106' title='bbox 174 1597 233 1654; x_wconf 92' lang='lat' dir='ltr'>bile</span> <span class='ocrx_word' id='word_1_107' title='bbox 254 1611 297 1655; x_wconf 88' lang='lat' dir='ltr'>est</span> <span class='ocrx_word' id='word_1_108' title='bbox 310 1591 321 1679; x_wconf 64' lang='lat' dir='ltr'>i</span> <span class='ocrx_word' id='word_1_109' title='bbox 342 1599 368 1653; x_wconf 93' lang='lat' dir='ltr'><strong>A</strong></span> <span class='ocrx_word' id='word_1_110' title='bbox 391 1615 465 1669; x_wconf 90' lang='lat' dir='ltr'>esse,</span> <span class='ocrx_word' id='word_1_111' title='bbox 490 1600 512 1653; x_wconf 90' lang='lat' dir='ltr'>B</span> <span class='ocrx_word' id='word_1_112' title='bbox 536 1615 599 1655; x_wconf 90' lang='lat' dir='ltr'>non</span> <span class='ocrx_word' id='word_1_113' title='bbox 623 1597 776 1668; x_wconf 83' lang='lat' dir='ltr'>existente,</span> <span class='ocrx_word' id='word_1_114' title='bbox 800 1610 833 1654; x_wconf 91' lang='lat' dir='ltr'>ut</span> <span class='ocrx_word' id='word_1_115' title='bbox 848 1596 957 1671; x_wconf 89' lang='lat' dir='ltr'>posito,</span> <span class='ocrx_word' id='word_1_116' title='bbox 982 1598 1063 1671; x_wconf 93' lang='lat' dir='ltr'>quod</span> <span class='ocrx_word' id='word_1_117' title='bbox 1081 1599 1161 1653; x_wconf 90' lang='lat' dir='ltr'>Deus</span> 
     </span>
     <span class='ocr_line' id='line_1_14' title="bbox 173 1682 1160 1760; baseline -0.001 -19"><span class='ocrx_word' id='word_1_118' title='bbox 173 1687 338 1760; x_wconf 89' lang='lat' dir='ltr'>suspendat</span> <span class='ocrx_word' id='word_1_119' title='bbox 361 1684 517 1742; x_wconf 91' lang='lat' dir='ltr'>accionem</span> <span class='ocrx_word' id='word_1_120' title='bbox 534 1697 671 1742; x_wconf 85' lang='lat' dir='ltr'>creature</span> <span class='ocrx_word' id='word_1_121' title='bbox 688 1696 716 1741; x_wconf 92' lang='lat' dir='ltr'>et</span> <span class='ocrx_word' id='word_1_122' title='bbox 734 1683 869 1741; x_wconf 90' lang='lat' dir='ltr'>continui</span> <span class='ocrx_word' id='word_1_123' title='bbox 886 1697 914 1741; x_wconf 90' lang='lat' dir='ltr'>et</span> <span class='ocrx_word' id='word_1_124' title='bbox 930 1682 1160 1758; x_wconf 89' lang='lat' dir='ltr'>generacionem</span> 
     </span>
     <span class='ocr_line' id='line_1_15' title="bbox 173 1769 1161 1846; baseline -0.002 -17"><span class='ocrx_word' id='word_1_125' title='bbox 173 1770 315 1843; x_wconf 89' lang='lat' dir='ltr'>absoluti,</span> <span class='ocrx_word' id='word_1_126' title='bbox 332 1773 414 1846; x_wconf 93' lang='lat' dir='ltr'>quod</span> <span class='ocrx_word' id='word_1_127' title='bbox 431 1771 514 1846; x_wconf 88' lang='lat' dir='ltr'>prius</span> <span class='ocrx_word' id='word_1_128' title='bbox 530 1771 609 1845; x_wconf 88' lang='lat' dir='ltr'>fecit,</span> <span class='ocrx_word' id='word_1_129' title='bbox 633 1790 702 1829; x_wconf 92' lang='lat' dir='ltr'>cum</span> <span class='ocrx_word' id='word_1_130' title='bbox 720 1783 867 1829; x_wconf 90' lang='lat' dir='ltr'>creatura.</span> <span class='ocrx_word' id='word_1_131' title='bbox 893 1769 951 1828; x_wconf 93' lang='lat' dir='ltr'>Ubi</span> <span class='ocrx_word' id='word_1_132' title='bbox 968 1783 1061 1845; x_wconf 90' lang='lat' dir='ltr'>patet,</span> <span class='ocrx_word' id='word_1_133' title='bbox 1078 1773 1161 1846; x_wconf 94' lang='lat' dir='ltr'>quod</span> 
     </span>
     <span class='ocr_line' id='line_1_16' title="bbox 130 1857 1161 1934; baseline -0.001 -18"><span class='ocrx_word' id='word_1_134' title='bbox 130 1859 299 1934; x_wconf 83' lang='lat' dir='ltr'>15agencia</span> <span class='ocrx_word' id='word_1_135' title='bbox 332 1859 386 1916; x_wconf 91' lang='lat' dir='ltr'>Dei</span> <span class='ocrx_word' id='word_1_136' title='bbox 419 1871 464 1915; x_wconf 88' lang='lat' dir='ltr'>est</span> <span class='ocrx_word' id='word_1_137' title='bbox 497 1857 669 1916; x_wconf 88' lang='lat' dir='ltr'>diuturnior</span> <span class='ocrx_word' id='word_1_138' title='bbox 703 1858 828 1933; x_wconf 88' lang='lat' dir='ltr'>agencia</span> <span class='ocrx_word' id='word_1_139' title='bbox 860 1870 998 1915; x_wconf 90' lang='lat' dir='ltr'>creature</span> <span class='ocrx_word' id='word_1_140' title='bbox 1033 1870 1062 1915; x_wconf 88' lang='lat' dir='ltr'>et</span> <span class='ocrx_word' id='word_1_141' title='bbox 1094 1872 1161 1932; x_wconf 90' lang='lat' dir='ltr'>post</span> 
     </span>
     <span class='ocr_line' id='line_1_17' title="bbox 173 1943 1159 2020; baseline -0.002 -17"><span class='ocrx_word' id='word_1_142' title='bbox 173 1945 377 2004; x_wconf 87' lang='lat' dir='ltr'>cessacionem</span> <span class='ocrx_word' id='word_1_143' title='bbox 405 1958 542 2003; x_wconf 91' lang='lat' dir='ltr'>creature</span> <span class='ocrx_word' id='word_1_144' title='bbox 566 1965 642 2020; x_wconf 91' lang='lat' dir='ltr'>pura</span> <span class='ocrx_word' id='word_1_145' title='bbox 667 1945 801 2018; x_wconf 83' lang='lat' dir='ltr'>creacio;</span> <span class='ocrx_word' id='word_1_146' title='bbox 834 1945 903 2003; x_wconf 92' lang='lat' dir='ltr'>ideo</span> <span class='ocrx_word' id='word_1_147' title='bbox 928 1943 1031 2001; x_wconf 91' lang='lat' dir='ltr'>dicunt</span> <span class='ocrx_word' id='word_1_148' title='bbox 1055 1944 1159 2020; x_wconf 87' lang='lat' dir='ltr'>aliqui,</span> 
     </span>
     <span class='ocr_line' id='line_1_18' title="bbox 173 2032 1160 2109; baseline -0.002 -19"><span class='ocrx_word' id='word_1_149' title='bbox 173 2053 206 2090; x_wconf 86' lang='lat' dir='ltr'>ex</span> <span class='ocrx_word' id='word_1_150' title='bbox 239 2032 350 2090; x_wconf 93' lang='lat' dir='ltr'>talibus</span> <span class='ocrx_word' id='word_1_151' title='bbox 378 2032 464 2096; x_wconf 80' lang='lat' dir='ltr'>moti.</span> <span class='ocrx_word' id='word_1_152' title='bbox 498 2036 580 2108; x_wconf 95' lang='lat' dir='ltr'>quod</span> <span class='ocrx_word' id='word_1_153' title='bbox 608 2035 864 2109; x_wconf 88' lang='lat' dir='ltr'>quandocumque</span> <span class='ocrx_word' id='word_1_154' title='bbox 893 2036 973 2090; x_wconf 89' lang='lat' dir='ltr'>Deus</span> <span class='ocrx_word' id='word_1_155' title='bbox 1006 2032 1160 2089; x_wconf 87' lang='lat' dir='ltr'>concurrit</span> 
     </span>
     <span class='ocr_line' id='line_1_19' title="bbox 172 2120 1160 2195; baseline -0.001 -18"><span class='ocrx_word' id='word_1_156' title='bbox 172 2140 241 2177; x_wconf 92' lang='lat' dir='ltr'>cum</span> <span class='ocrx_word' id='word_1_157' title='bbox 265 2134 414 2192; x_wconf 90' lang='lat' dir='ltr'>creatura,</span> <span class='ocrx_word' id='word_1_158' title='bbox 438 2120 503 2195; x_wconf 91' lang='lat' dir='ltr'>ipse</span> <span class='ocrx_word' id='word_1_159' title='bbox 527 2133 618 2191; x_wconf 90' lang='lat' dir='ltr'>creat,</span> <span class='ocrx_word' id='word_1_160' title='bbox 644 2133 782 2178; x_wconf 90' lang='lat' dir='ltr'>creatura</span> <span class='ocrx_word' id='word_1_161' title='bbox 799 2139 860 2177; x_wconf 92' lang='lat' dir='ltr'>non</span> <span class='ocrx_word' id='word_1_162' title='bbox 878 2132 1014 2191; x_wconf 90' lang='lat' dir='ltr'>creante;</span> <span class='ocrx_word' id='word_1_163' title='bbox 1039 2132 1160 2194; x_wconf 91' lang='lat' dir='ltr'>oportet</span> 
     </span>
     <span class='ocr_line' id='line_1_20' title="bbox 172 2203 1158 2283; baseline -0.002 -18"><span class='ocrx_word' id='word_1_164' title='bbox 172 2227 245 2281; x_wconf 89' lang='lat' dir='ltr'>ergo</span> <span class='ocrx_word' id='word_1_165' title='bbox 278 2207 447 2266; x_wconf 86' lang='lat' dir='ltr'>creanciam</span> <span class='ocrx_word' id='word_1_166' title='bbox 482 2219 510 2264; x_wconf 88' lang='lat' dir='ltr'>et</span> <span class='ocrx_word' id='word_1_167' title='bbox 544 2227 646 2265; x_wconf 92' lang='lat' dir='ltr'>creare</span> <span class='ocrx_word' id='word_1_168' title='bbox 684 2207 839 2283; x_wconf 81' lang='lat' dir='ltr'>agencium</span> <span class='ocrx_word' id='word_1_169' title='bbox 879 2203 1037 2280; x_wconf 80' lang='lat' dir='ltr'>distingwi,</span> <span class='ocrx_word' id='word_1_170' title='bbox 1077 2218 1105 2262; x_wconf 93' lang='lat' dir='ltr'>et</span> <span class='ocrx_word' id='word_1_171' title='bbox 1142 2226 1158 2263; x_wconf 87' lang='lat' dir='ltr'>a</span> 
     </span>
     <span class='ocr_line' id='line_1_21' title="bbox 125 2293 959 2370; baseline -0.001 -19"><span class='ocrx_word' id='word_1_172' title='bbox 125 2313 160 2345; x_wconf 81' lang='lat'>20</span> <span class='ocrx_word' id='word_1_173' title='bbox 172 2297 269 2352; x_wconf 92' lang='lat' dir='ltr'>multo</span> <span class='ocrx_word' id='word_1_174' title='bbox 295 2294 388 2369; x_wconf 85' lang='lat' dir='ltr'>magis</span> <span class='ocrx_word' id='word_1_175' title='bbox 411 2293 512 2370; x_wconf 90' lang='lat' dir='ltr'>passio</span> <span class='ocrx_word' id='word_1_176' title='bbox 536 2295 735 2369; x_wconf 81' lang='lat' dir='ltr'>distinguitur</span> <span class='ocrx_word' id='word_1_177' title='bbox 759 2297 796 2352; x_wconf 90' lang='lat' dir='ltr'>ab</span> <span class='ocrx_word' id='word_1_178' title='bbox 821 2307 959 2370; x_wconf 89' lang='lat' dir='ltr'>utroque.</span> 
     </span>
    </p>
   </div>
   <div class='ocr_carea' id='block_1_3' title="bbox 0 0 1534 5182">
    <p class='ocr_par' dir='ltr' id='par_1_3' title="bbox 0 0 1534 5182">
     <span class='ocr_line' id='line_1_22' title="bbox 0 0 1534 5182; baseline 0 3"><span class='ocrx_word' id='word_1_179' title='bbox 0 0 1534 5182; x_wconf 95' lang='lat' dir='ltr'> </span> 
     </span>
    </p>
   </div>
  </div>
 </body>
</html>
