3060 5190
577 1323 772 1405 CAPUT
802 1322 1111 1420 QUARTUM.

147 1566 245 1610 Neuter
259 1566 328 1626 being
394 1559 436 1611 Ex
459 1553 523 1611 istis
540 1552 626 1610 facile
651 1567 694 1610 est
710 1553 821 1623 videre,
846 1555 928 1628 quod
951 1571 1008 1610 nec
1032 1571 1094 1623 enS,
1118 1571 1174 1609 nec
1198 1551 1344 1609 accidens

134 1618 340 1715 agrwfficersdtersrgnrsne
351 1643 381 1698 in
398 1661 452 1698 sua
469 1640 600 1698 maxima
624 1639 845 1698 communitate
866 1640 904 1697 sit
926 1659 1019 1714 genus
1044 1641 1175 1713 loycum‚
1201 1639 1343 1714 quamvis

170 1723 190 1818 ῑῗ
205 1735 304 1785 algerus
350 1742 514 1802 utrumque
537 1728 660 1784 illorum
686 1728 723 1784 sit
747 1746 841 1802 genus
865 1728 1051 1801 ambiguum.

188 1776 294 1831 ogrcaliy.

144 1845 215 1900 Being
228 1846 249 1889 is
263 1851 305 1888 not
319 1856 332 1888 a
394 1819 438 1873 De
463 1829 530 1872 ente
555 1828 708 1889 ponuntur
732 1814 934 1872 communiter
957 1814 1091 1888 triplices
1116 1813 1263 1871 raciones.
1358 1821 1372 1872 5

152 1947 163 1991 1
206 1910 320 1993 {gffig'eit
371 1903 495 1960 ,Prima
530 1904 567 1959 ad
599 1903 666 1973 hoc,
704 1905 786 1976 quod
818 1902 855 1958 sit
887 1920 981 1975 genus
1013 1902 1146 1975 loycum,
1184 1914 1343 1974 oporteret

173 2002 237 2068 ¹does
251 2009 293 2045 not
350 1994 433 2065 quod
456 1989 570 2046 diceret
595 1989 774 2064 quiditatem
798 1988 845 2044 sui
869 1988 1011 2060 subiecti3
1040 1991 1092 2045 sed
1116 2007 1178 2045 non
1201 1987 1243 2044 sic
1267 1988 1344 2044 facit

173 2067 296 2109 expressa

180 2106 294 2163 quiddrry.
351 2096 403 2133 ens
426 2076 457 2133 in
481 2096 535 2134 sua
560 2075 691 2133 maxima
715 2075 934 2133 communitate
953 2089 1091 2149 respectu
1108 2074 1245 2148 alicuius,
1270 2074 1342 2131 ideo

351 2164 425 2221 nulli
458 2177 512 2236 est,
546 2176 578 2219 ut
606 2162 658 2232 sic,
692 2181 785 2237 genus
812 2162 949 2236 loycum;
986 2162 1084 2220 maior
1118 2175 1202 2238 patet
1231 2180 1265 2218 ex
1291 2164 1343 2219 de-

351 2251 520 2326 scripcione
548 2249 675 2324 generis,
704 2269 796 2324 quarn
825 2250 911 2324 ponit
936 2249 1113 2324 Porphirius
1142 2248 1277 2323 capitulo
1306 2239 1393 2306 20'10

352 2351 380 2394 et
396 2338 572 2394 Aristoteles
588 2336 791 2411 Topicorum3
816 2349 845 2393 et
866 2339 1091 2394 concordantur
1114 2355 1220 2393 omnes
1242 2335 1343 2409 philo-

351 2424 449 2499 sophi,
473 2427 556 2499 quod
579 2441 673 2497 genus
697 2423 871 2498 predicatur
895 2423 925 2480 in
949 2424 1037 2499 quid;
1062 2422 1149 2480 aliter
1174 2422 1253 2481 enim
1279 2443 1343 2479 non

353 2525 429 2568 esset
453 2530 524 2585 pars
548 2510 728 2585 quiditativa
752 2529 804 2567 sue
828 2510 953 2585 speciei;
978 2524 1006 2568 et
1026 2510 1126 2567 minor
1142 2523 1226 2584 patet
1242 2528 1276 2566 ex
1294 2529 1342 2580 eo,

351 2601 433 2672 quod
450 2601 486 2655 de
508 2598 591 2654 nullo
612 2597 706 2654 scitur
726 2616 780 2671 per
798 2599 865 2669 hoc,
889 2601 971 2672 quod
993 2610 1036 2654 est
1053 2616 1116 2670 enS,
1140 2596 1198 2653 nisi
1219 2597 1342 2671 questio

351 2685 397 2757 „si
421 2687 484 2741 est’¹
504 2687 541 2741 de
565 2687 683 2755 eodem,
713 2698 741 2741 et
765 2704 833 2741 cum
858 2684 910 2754 illa
934 2684 1134 2760 distinguitur
1157 2684 1344 2758 generaliter
1360 2694 1392 2744 15

351 2792 368 2829 a
392 2771 549 2846 questione
574 2770 669 2846 „quid
693 2773 755 2828 est''
775 2774 811 2828 de
835 2771 917 2829 omni
943 2774 1071 2830 habente
1087 2771 1267 2845 quiditatem
1294 2771 1344 2828 sui

351 2859 489 2932 subiecti,
514 2859 586 2934 quia
609 2872 681 2915 tunc
705 2876 758 2933 per
782 2861 847 2931 hoc,
873 2862 955 2933 quod
979 2873 1024 2916 est
1048 2877 1110 2929 ens,
1135 2857 1343 2916 innotesceret

352 2946 424 3022 quid
444 2946 526 3004 aliud
543 2959 630 3016 esset,
648 2949 684 3002 ab
702 2945 762 3003 alio
775 2945 963 3018 diffiniendo,
981 2948 1063 3021 quod
1080 2958 1124 3002 est
1141 2944 1343 3019 impossibile,

352 3053 420 3089 cum
446 3051 536 3090 omne
560 3033 711 3106 singulare
735 3033 874 3090 convenit
897 3031 928 3089 in
953 3052 1016 3090 esse
1040 3052 1110 3090 cum
1134 3032 1281 3106 quolibet.

143 3131 173 3174 11.
186 3135 241 3186 Any
255 3141 328 3184 genus
396 3123 536 3177 Secunda
559 3120 642 3176 racio
663 3119 796 3176 sumitur
821 3130 854 3176 e'x
878 3122 984 3177 eadem
1009 3119 1119 3178 radice.
1145 3123 1222 3176 Nam
1247 3138 1343 3176 omne
1357 3144 1393 3178 20

147 3183 328 3287 diffiniittiiiem
352 3227 446 3280 genus
469 3220 575 3263 natum
600 3220 644 3263 est
667 3208 777 3264 habere
802 3209 877 3264 duas
901 3206 1089 3264 differencias
1113 3225 1166 3262 sue
1183 3206 1344 3263 divisionis

352 3308 381 3350 et
404 3293 514 3369 speciei
543 3293 761 3366 constitutivas,
791 3296 843 3351 sed
870 3293 913 3350 sic
940 3313 1001 3351 non
1029 3307 1128 3368 potest
1152 3311 1203 3350 ens
1228 3295 1344 3351 habere

403 3491 425 3534 9.
443 3478 516 3522 Cod..·
531 3492 598 3535 poro.
653 3479 680 3523 15.
698 3479 769 3524 Cod:
785 3479 860 3523 deod'.
915 3491 945 3523 21.
963 3478 1034 3523 Cod:
1050 3479 1094 3523 sui.

407 3604 445 3638 ro.
476 3590 516 3654 Cf.
540 3587 676 3654 Porphyrii
700 3587 840 3638 Phoenicei
865 3589 1015 3650 Introduct.‚
1040 3574 1095 3652 cari.
1117 3603 1129 3637 2
1156 3587 1198 3652 (In
1218 3586 1343 3638 editione

352 3657 501 3708 Aristotelis
516 3657 621 3719 Veneta,
634 3660 713 3718 1552,
729 3674 757 3723 p.
771 3659 794 3707 1¹
807 3666 832 3707 et
847 3659 886 3722 2):
908 3658 1061 3723 Tripliciter
1079 3658 1161 3724 igitur
1180 3672 1240 3708 cum
1252 3671 1342 3722 genus

352 3729 468 3786 dicatur,
487 3727 520 3777 de
539 3728 619 3778 tertio
639 3727 713 3790 apud
728 3728 899 3792 philosophos
918 3743 1006 3778 sermo
1025 3732 1079 3779 est:
1102 3727 1173 3793 quod
1191 3727 1273 3777 etiam
1293 3727 1342 3778 de-

351 3797 495 3847 scribentes
514 3798 728 3862 assignaverunt,
753 3810 838 3863 genus
858 3812 913 3848 esse
931 3798 1057 3856 dt'centes
1076 3797 1147 3862 quod
1165 3796 1198 3846 de
1210 3797 1343 3860 pluribus

351 3873 377 3917 et
396 3866 579 3933 drfferentdus
598 3867 684 3930 specie
703 3867 729 3915 in
755 3882 793 3926 eo,
818 3866 903 3933 quod
926 3867 1004 3932 quid
1027 3873 1074 3917 est
1094 3866 1285 3931 praedicatur,
1309 3873 1343 3916 ut

351 3938 455 3986 animat
457 3972 544 3986 .....
563 3934 652 3995 Quare
671 3936 704 3986 de
718 3937 840 4000 pluribus
854 3937 1014 4001 praedicari
1031 3936 1125 3986 dividit
1143 3950 1227 4004 genus
1246 3935 1281 3985 ab
1295 3936 1342 3999 iis,

351 4021 419 4071 quae
438 4007 471 4057 de
490 4022 542 4056 uno
560 4009 644 4056 solum
665 4020 764 4065 eoram,
784 4021 852 4072 quac
874 4012 935 4056 sunt
959 4006 1108 4068 individua,
1129 4005 1342 4070 praedicantur.

351 4077 411 4126 Hoc
437 4091 509 4136 vero,
537 4076 569 4127 de
592 4076 775 4144 differentibus
798 4077 893 4142 specie,
920 4082 1032 4140 separat
1055 4075 1088 4125 ab
1112 4076 1152 4136 iis,
1176 4089 1243 4139 quae
1268 4076 1344 4125 sicut

352 4147 450 4210 species
473 4147 680 4210 praedicantur,
707 4147 747 4196 vel
768 4146 837 4205 sicut
860 4148 986 4211 propria.
1016 4146 1045 4195 ln
1069 4159 1100 4196 eo
1124 4152 1223 4206 autem,
1252 4146 1343 4210 quod

352 4215 431 4279 quid
453 4222 515 4277 est,
534 4216 735 4279 praedicari
762 4216 859 4265 dividit
882 4231 899 4265 a
924 4216 1085 4283 differentiis
1107 4223 1133 4266 et
1156 4215 1344 4266 communiter

351 4285 532 4336 accidentibus
545 4326 551 4337 .
566 4321 572 4334 .
585 4321 592 4334 .
606 4295 631 4334 et
643 4287 748 4334 Aristot.
759 4285 828 4350 Top.
842 4286 850 4333 Ι
864 4301 881 4349 4
894 4285 941 4350 (5),
955 4285 971 4335 6
985 4286 1048 4349 (Ed.
1067 4286 1133 4336 Par.
1146 4285 1230 4344 1175,
1242 4285 1261 4333 8
1274 4285 1342 4404 sag:

351 4351 438 4412 Γὲνος
455 4351 479 4401 δ’
492 4347 548 4402 ἐστὶ
566 4354 596 4404 τὸ
622 4351 691 4404 κατὰ
713 4350 848 4404 πλειόνων
869 4352 915 4404 καὶ
938 4351 1130 4421 διαφερόντων
1153 4358 1191 4422 τῷ
1218 4351 1287 4405 εἴδει
1326 4371 1345 4405 ν

351 4427 389 4490 τῷ
408 4421 436 4472 τί
452 4417 510 4472 ἐστι
525 4422 768 4490 κατηγορούμενον.
