3060 5182
165 475 325 531 Quaest.v11.
376 481 550 542 Quaestiones
568 481 671 547 logicae
689 490 715 532 et
733 480 941 547 philosophicae.

164 637 287 697 lascivia
310 638 483 715 aliqualiter
499 640 545 698 vel
568 639 778 715 multipliciter
792 640 905 698 vexatis
921 643 1148 717 quodammodo

163 725 245 784 utilis
269 739 298 784 et
319 726 501 785 conveniens
525 739 569 785 est
586 727 737 803 possessio
758 727 947 800 diviciarum,
972 743 1001 788 et
1018 729 1149 787 maxime

164 812 225 885 illa,
260 832 318 890 que
346 813 557 873 necessitatem
585 814 681 873 victus
709 829 739 873 et
766 815 895 874 amictus
923 816 1045 891 respicit
1069 815 1150 875 iuxta

164 904 258 958 suum'
286 913 409 959 statum.
443 904 527 960 lstud
555 903 757 960 corrolarium
785 916 869 977 patet
897 921 931 960 ex
959 902 1149 962 convenienti

137 987 373 1050 5similitudine.
396 990 626 1063 Verumtamen,
650 990 728 1048 sicut
744 989 869 1066 quilibet
891 1004 1010 1049 tenetur
1026 993 1150 1048 tendere

164 1075 296 1134 finaliter
327 1078 366 1134 ad
398 1077 522 1152 plenam
555 1077 665 1136 mentis
694 1077 865 1136 castitatem
895 1091 924 1136 et
953 1077 1149 1150 mundiciem‚

165 1163 208 1221 sic
224 1177 345 1221 tenetur
360 1166 485 1223 tendere
502 1166 540 1222 ad
565 1164 747 1237 carenciam,
768 1165 952 1240 possessioni
970 1165 1149 1223 diviciarum

164 1251 350 1326 oppositam.
383 1253 470 1310 Unde
502 1252 616 1310 malum
650 1252 769 1328 signum
803 1266 847 1311 est
874 1252 905 1309 in
934 1253 1065 1324 senibus,
1098 1252 1150 1328 qui

164 1339 233 1414 plus
253 1337 415 1397 intendunt
430 1339 614 1414 possessioni
631 1339 809 1399 diviciarum
833 1354 1033 1414 senescentes,
1058 1359 1149 1416 quam

120 1425 197 1489 roin
231 1425 395 1500 iuventute,
429 1446 497 1485 cum
532 1429 645 1485 munde
673 1427 853 1498 floruerunt,
886 1441 915 1484 et
942 1427 1060 1485 videtur
1092 1429 1150 1485 hoc

164 1527 279 1588 patere,
303 1533 373 1572 cum
397 1513 471 1571 nulli
494 1516 541 1573 vel
564 1514 739 1590 paucissimi
763 1515 823 1572 sint
845 1513 1020 1590 plenissime
1045 1514 1150 1573 mundi

164 1614 194 1658 et
224 1600 362 1659 castitate
391 1600 501 1660 mentis
524 1602 657 1676 delicati,
685 1605 737 1660 sed
766 1602 851 1678 quasi
876 1621 982 1660 omnes
1007 1602 1151 1660 mortales

95 1718 107 1729 ·
163 1687 287 1746 lascivia
310 1688 483 1764 aliqualiter
506 1703 575 1747 sunt
598 1689 708 1760 vexati,
733 1708 838 1747 omnes
862 1692 1089 1765 quodammodo
1106 1690 1151 1746 in-

164 1775 268 1850 digent
291 1775 415 1851 aliquali
440 1776 631 1852 possessione
654 1776 845 1849 diviciarum,
869 1778 915 1834 vel
939 1777 1022 1835 illam
1040 1778 1151 1836 tacitus

121 1863 364 1939 15expostulant,
389 1862 467 1921 sicut
491 1863 627 1939 pruritus
652 1864 858 1939 asperitatem.
