3060 5190
537 1272 733 1355 CAPUT
759 1271 1139 1353 UNDECIMUM.

137 1499 228 1554 neptes
243 1505 266 1542 to
281 1512 324 1542 our
390 1491 421 1544 In
438 1487 613 1561 oppositum
631 1486 687 1543 sic:
705 1487 816 1542 frustra
833 1499 988 1561 ponuntur
1004 1487 1104 1561 plura,
1122 1488 1175 1544 ubi
1192 1486 1331 1561 pauciora

152 1557 396 1646 ,ῗῆἕξῖῃξὲῐξζρΐ
346 1574 515 1645 sufiiciunt3
549 1576 600 1630 sed
625 1575 730 1630 eadem
755 1592 802 1629 res
830 1574 969 1630 absoluta
998 1573 1110 1631 sufficit
1137 1574 1333 1632 denominare

155 1656 303 1751 ,ffiffin
346 1680 437 1735 agens
461 1680 550 1734 agere
575 1675 603 1717 et
619 1679 741 1734 passum
766 1660 844 1734 pati;
869 1679 939 1734 ergo
956 1661 1116 1736 superfluit
1132 1681 1248 1736 ponere
1264 1663 1336 1718 tales

141 1761 230 1814 agents
245 1761 321 1803 action
346 1751 420 1805 duas
437 1768 483 1805 res
501 1746 680 1821 generaliter
704 1747 870 1806 distinctas
896 1748 994 1805 Minor
1010 1762 1095 1823 patet
1111 1768 1144 1806 ex
1162 1750 1230 1820 hoc,
1257 1740 1360 1824 quod?

133 1812 331 1958 ἓᾙῗῑρῗῑξέῗᾞξξξ
347 1838 451 1892 cadem
476 1835 611 1908 agenna,
636 1854 695 1908 que
719 1848 763 1892 est
780 1835 832 1891 uni
850 1835 1045 1908 delectabilis,
1071 1850 1115 1893 est
1131 1837 1220 1894 alteri
1238 1836 1340 1894 trista-

161 1923 211 2011 Ἳξ)
213 1917 301 2012 205⁰?
347 1922 424 1994 bilis,
449 1937 481 1978 ut
505 1935 588 1996 patet
611 1921 642 1977 in
659 1924 796 1996 exemplo
820 1922 958 1996 superius
983 1925 1117 1980 adducto
1133 1937 1242 1981 contra
1262 1926 1341 1981 hanc

155 2021 308 2076 superfluous.
345 2011 436 2081 viam,
470 2010 579 2084 posito,
612 2012 693 2083 quod
722 2028 799 2065 tinus
827 2009 997 2066 voluntarie
1024 2010 1137 2068 cruciet
1173 2011 1342 2086 reliquum,

346 2097 513 2166 inimicum,
532 2097 583 2153 ubi
600 2108 692 2170 patet,
710 2099 792 2171 quod
809 2097 960 2153 cruciatus
977 2112 1021 2155 est
1038 2098 1187 2155 crucianti
1206 2100 1344 2156 deIecta-

345 2185 412 2241 bilis
437 2196 465 2240 et
489 2184 619 2257 placida,
644 2183 779 2240 cruciato
803 2203 874 2240 vcro
899 2198 943 2240 est
966 2185 1121 2242 tristabilis
1145 2199 1174 2242 et
1199 2185 1344 2243 involun-
1359 2200 1389 2232 10

345 2272 431 2341 tatia,
457 2290 527 2344 ergo
545 2289 598 2344 per
621 2270 701 2327 idem
719 2284 778 2326 stat
802 2284 940 2345 respectu
962 2272 1148 2329 diversorum
1173 2272 1258 2329 idern
1278 2294 1345 2331 esse

345 2359 458 2415 iustum
484 2372 513 2414 et
536 2358 680 2414 iniustum
707 2371 735 2414 et
759 2361 1046 2434 quomodocumque
1070 2359 1157 2416 aliter
1182 2363 1345 2418 contrarie

346 2445 586 2502 denominatum.
612 2448 648 2500 Et
673 2445 869 2502 confirmacio
894 2446 980 2502 istius
1003 2460 1048 2502 est
1062 2449 1226 2504 Anselmus
1246 2449 1280 2505 in
1300 2453 1346 2507 De

345 2532 478 2589 Veritate
502 2532 635 2606 capitulo
654 2534 699 2602 8⁰,
724 2532 774 2588 ubi
799 2536 836 2589 ab
861 2532 978 2590 intento
1002 2547 1093 2604 tenet,
1118 2537 1202 2609 quod
1228 2539 1345 2593 eadem

346 2639 392 2676 res
417 2634 461 2676 cst
485 2619 568 2675 accio
593 2634 621 2675 et
645 2618 760 2692 passi03
786 2632 814 2675 et
838 2619 938 2694 ipsum
964 2620 1101 2695 sequitur
1124 2624 1240 2678 Doctor
1269 2621 1390 2681 Pro-15

345 2708 457 2763 fundus
481 2706 558 2762 libro
585 2707 629 2778 3⁰,
655 2706 787 2780 capitulo
813 2709 858 2763 60.

400 3054 437 3102 13.
460 3053 499 3116 Cf.
520 3053 636 3102 Anselmi
658 3053 852 3102 cantuariensis
870 3053 974 3117 Dialog
993 3054 1032 3103 Dc
1051 3054 1173 3115 Veritate,
1198 3069 1257 3118 cap.
1280 3057 1340 3107 VIII

344 3121 450 3186 ealigne
471 3121 594 3171 CLVIII
608 3123 695 3186 476).·
723 3123 818 3173 Multis
842 3122 912 3174 enim
937 3123 1023 3172 vitodis
1045 3122 1140 3174 eadem
1160 3138 1203 3173 res
1221 3126 1342 3191 suscipit

344 3190 457 3241 tiversis
489 3191 748 3242 considerationibus
779 3192 934 3246 contraria:
965 3192 1073 3258 qaod
1064 3209 1091 3242 tn
1119 3193 1224 3243 actione
1253 3210 1341 3262 saepe

342 3259 475 3326 contingit
494 3262 568 3311 utin
587 3264 805 3344 percussione..
822 3263 923 3315 .Sed
947 3262 1123 3343 arconium..
1136 3263 1254 3314 ..sicut
1270 3281 1339 3331 per·

344 3331 446 3380 cutiens
459 3345 509 3378 non
525 3338 565 3379 est
577 3332 633 3381 sine
642 3333 824 3395 percussione,
837 3346 885 3382 nec
897 3332 1033 3396 percussio
1048 3334 1144 3396 absque
1155 3335 1339 3398 percutiente,

342 3401 382 3451 ita
397 3399 579 3463 percutientia
597 3408 623 3450 et
640 3403 777 3465 percussio
801 3402 858 3451 sine
880 3402 993 3452 invicem
1018 3416 1073 3452 esse
1101 3408 1249 3468 nequeunt5
1281 3405 1338 3457 imo

343 3486 406 3520 una
425 3475 457 3519 et
476 3471 588 3520 eadem
609 3485 659 3521 res
679 3478 727 3521 est
745 3472 857 3522 diversis
877 3471 1026 3522 nominibus
1044 3473 1187 3522 secundum
1207 3472 1338 3526 diversas

342 3547 436 3604 partes
455 3540 627 3606 significata·
655 3541 754 3592 idcirco
772 3541 909 3606 percussio
928 3549 953 3592 et
970 3542 1147 3608 percutientis
1165 3549 1192 3591 et
1205 3548 1338 3608 percussi

342 3623 397 3659 esse
429 3608 544 3675 elicitum·
574 3618 741 3676 quapropter
771 3611 914 3661 secundnm
946 3611 1016 3672 quod
1046 3626 1129 3676 agens
1157 3613 1198 3661 uei
1220 3615 1338 3675 patiens

343 3680 429 3729 eidem
458 3680 594 3730 subiacent
623 3681 728 3743 iudicio,
756 3682 798 3731 uei
816 3681 970 3744 contrariis,
997 3682 1057 3745 ipsa
1083 3695 1183 3747 quoque
1201 3684 1277 3733 actio
1299 3700 1338 3736 ex

343 3756 456 3813 utraque
478 3755 562 3813 parte
589 3750 714 3800 similiter
742 3750 906 3801 indicabitur
932 3756 981 3800 aut
1007 3752 1152 3801 contrarie.
1182 3752 1223 3814 Cf.
1246 3755 1336 3804 etiarn

343 3825 444 3874 notam,
468 3835 497 3882 p.
524 3823 582 3868 109.
693 3819 730 3869 15.
761 3823 801 3887 Cf.
826 3819 947 3868 'I'homac
975 3821 1154 3870 Bradwardini
1183 3821 1223 3870 Dc
1252 3839 1338 3875 causa

343 3888 389 3935 Iici
410 3887 467 3935 Iib.
488 3889 510 3948 3,
530 3887 546 3935 o
566 3889 629 3952 (Eat.
643 3891 759 3939 Londin.
781 3893 833 3939 661
845 3891 877 3952 E,
900 3891 1013 3954 662.⁴I):
1032 3891 1087 3940 Pro
1105 3891 1194 3956 primo
1214 3893 1336 3945 istorum

341 3956 487 4019 seierutum,
515 3959 585 4023 qnod
612 3959 697 4024 aliani
724 3959 881 4024 opinantur,
909 3959 980 4025 qrrod
1007 3961 1078 4011 actio
1106 3967 1132 4011 et
1150 3961 1244 4025 passio
1271 3973 1337 4015 sunt

343 4041 384 4076 res
415 4027 555 4090 relativae,
586 4042 630 4078 seu
663 4029 737 4093 ipsae
765 4029 909 4079 relationes
934 4044 1023 4093 purae
1050 4030 1256 4094 tantummodo.-
1287 4039 1337 4086 sed

342 4095 533 4146 eruditioribus
548 4104 616 4161 puto
636 4105 750 4162 constat,
769 4099 839 4162 quod
858 4099 1003 4150 relationes
1022 4100 1175 4150 huiusmodi
1194 4102 1335 4156 actionem

342 4172 368 4214 et
382 4167 537 4230 passionem
558 4168 725 4218 iraturaitter
749 4174 955 4234 consequantur,
979 4176 1005 4219 et
1027 4183 1077 4234 per
1100 4185 1145 4220 eas
1169 4181 1335 4228 causantur.

345 4235 521 4301 Qapropter
539 4244 564 4286 et
583 4237 632 4286 aiii
652 4239 831 4299 arbitrantur,
855 4238 925 4301 quod
948 4239 1020 4289 actio
1045 4245 1070 4289 et
1089 4240 1184 4305 passio
1208 4241 1264 4291 sint
1291 4261 1337 4297 res

341 4305 481 4354 absolutae
501 4306 645 4356 secundum
665 4322 742 4356 suam
762 4308 913 4368 essentiam,
938 4309 1114 4359 relationibus
1132 4316 1222 4360 tamen
1243 4328 1337 4366 neces·

341 4374 415 4424 sario
439 4376 592 4440 copulatae,·
620 4387 646 4425 et
669 4378 765 4425 borum
785 4378 895 4442 atridam
915 4378 1086 4437 existimant,
1110 4379 1181 4442 quod
1206 4383 1280 4433 actio
1309 4394 1337 4436 et
