3060 5190
164 1981 216 2026 The
230 1977 302 2023 entire

151 2032 274 2080 multitude
287 2029 314 2072 of

148 2087 320 2145 predicamenta

133 2154 176 2186 can
192 2141 219 2184 be
234 2132 332 2181 reduced

183 2202 208 2238 to
223 2193 284 2238 God.

675 494 844 546 JOHANNIS
862 493 990 544 WICLIF
1232 484 1304 531 CAP.
1321 488 1341 533 1.

346 673 449 729 genus,
487 655 681 712 reduceretur
705 656 744 711 ad
767 672 859 728 genus
883 652 1055 711 substancie
1077 665 1225 728 tanquam
1252 671 1341 709 men-

346 760 459 814 suram,
489 741 573 799 cuius
601 740 718 815 generis
748 741 824 798 foret
853 739 993 798 accidens
1025 738 1221 815 principium,
1252 741 1340 814 quod

347 842 390 887 est
419 840 525 886 contra
553 828 644 902 dicta,
684 847 752 886 cum
785 827 936 903 principia
968 826 1141 884 substancie
1172 845 1234 883 non
1266 838 1340 883 sunt

346 935 399 991 per
416 935 447 973 se
463 915 494 973 in
511 934 633 991 genere3
660 928 688 973 et
712 915 808 972 multo
832 914 928 990 magis
952 913 1100 989 principia
1124 912 1254 971 aliorum
1273 932 1339 970 non

345 1015 417 1060 sunt
439 1021 493 1077 per
516 1021 547 1060 se
571 1002 602 1059 in
625 1002 683 1059 illis
707 1001 867 1076 generibus
891 1000 1157 1059 communicabile.
1186 1000 1282 1074 Igitur
1305 1004 1369 1057 eti

346 1089 634 1148 incommunicabile
667 1101 736 1146 sunt
763 1088 861 1165 prime
889 1088 1062 1147 differencie
1095 1087 1182 1160 entis,
1211 1101 1240 1145 et
1273 1106 1341 1145 non

347 1190 564 1236 convertuntur
588 1196 656 1235 cum
680 1175 841 1233 universali
866 1189 895 1232 et
918 1174 1074 1252 singulari,
1100 1194 1167 1232 cum
1192 1178 1274 1232 Deus
1299 1175 1342 1232 sit

346 1277 408 1322 tam
445 1263 699 1322 communicabile
728 1258 732 1344 Ι
762 1282 852 1338 quam
888 1261 1186 1335 incommunicabile,
1218 1274 1248 1319 et
1281 1281 1343 1320 nec
1355 1269 1387 1320 F.
1404 1270 1447 1336 ¹93

345 1352 513 1409 universale
546 1370 601 1408 nec
633 1350 784 1426 singulare
816 1352 982 1407 secundum
1014 1362 1155 1408 naturam
1190 1347 1341 1407 divinam.

346 1440 542 1496 Extendendo
566 1450 667 1496 autem
692 1437 823 1512 speciem
849 1450 877 1494 et
893 1455 986 1512 genus
1010 1439 1113 1509 modo,
1138 1455 1198 1512 quo
1220 1435 1342 1494 dictum
1358 1459 1391 1493 10

346 1539 390 1583 est
413 1525 561 1601 superius,
586 1525 700 1582 diceret
723 1524 844 1601 aliquis,
868 1527 951 1599 quod
967 1538 1097 1601 punctus
1121 1536 1164 1581 est
1180 1541 1275 1598 genus
1298 1525 1342 1582 ad

346 1626 493 1689 punctum
518 1612 753 1687 supracelestem
777 1625 806 1669 et
822 1612 1073 1670 mathematicum
1089 1612 1136 1669 vel
1152 1611 1341 1683 naturalem,

347 1713 377 1758 et
400 1700 442 1757 ita
467 1699 593 1774 fingeret
617 1701 653 1757 de
677 1698 754 1773 aliis,
779 1712 807 1756 et
830 1698 873 1757 ita
897 1701 987 1757 habet
1010 1701 1046 1756 de
1068 1697 1283 1757 conveniencia
1309 1712 1343 1756 et

347 1786 523 1845 differencia
546 1786 665 1844 talium.
690 1789 748 1844 Sed
772 1786 830 1844 ista
855 1786 936 1844 dicta
959 1799 1027 1843 sunt
1044 1799 1147 1862 preter
1163 1784 1342 1843 considera-

348 1873 464 1932 cionem
488 1873 629 1948 logicam.
1358 1879 1388 1930 15

390 1965 432 2018 Ex
470 1961 535 2018 istis
573 1961 661 2019 facile
699 1959 905 2036 perpenditur,
951 1962 1034 2036 quod
1068 1972 1133 2018 tota
1171 1958 1341 2018 multitudo

347 2038 646 2125 predicamentorum
670 2046 845 2123 reducibilie
869 2061 913 2104 est
935 2050 974 2105 ad
998 2050 1105 2106 Deum.
1130 2050 1207 2105 Nam
1231 2046 1342 2105 omnia

347 2155 456 2194 novem
468 2135 696 2211 predicamenta
706 2133 913 2192 accidencium
925 2136 1112 2193 reducuntur
1124 2136 1162 2191 ad
1174 2134 1340 2192 cathenam

347 2223 519 2281 substancie
547 2236 580 2280 ut
610 2242 698 2279 suum
727 2220 923 2296 principium,
954 2235 983 2279 et
1011 2235 1109 2279 totum
1137 2240 1232 2296 genus
1266 2223 1342 2279 sub-

347 2310 460 2369 stancie
484 2322 604 2385 oportet
628 2309 746 2367 causari
772 2328 789 2366 a
814 2311 947 2384 quadam
974 2322 1084 2367 natura
1109 2323 1192 2367 extra
1222 2307 1341 2384 ipsum,
1354 2331 1390 2366 20

347 2411 379 2455 ut
402 2410 485 2472 patet
509 2416 543 2454 ex
567 2396 670 2470 dictis,
694 2416 765 2472 ergo
790 2396 954 2454 conclusio.

399 2645 429 2678 21.
444 2634 501 2678 Post
509 2634 629 2678 conclusio
639 2635 728 2690 legitur
737 2635 760 2678 iu
771 2633 851 2677 codice
864 2638 919 2677 nota
934 2633 1051 2678 bohemica
1061 2633 1131 2677 haec:
1147 2632 1207 2676 Boze
1216 2632 1275 2690 mily
1285 2646 1340 2678 racz

347 2699 461 2744 pomoczy
475 2687 592 2743 dolonaty
607 2688 670 2741 brzo,
691 2687 755 2731 cuius
772 2699 852 2729 aeneus
870 2691 919 2729 est:
937 2691 998 2730 Deus
1017 2686 1172 2741 dilectissime,
1189 2685 1279 2730 adiuva
1293 2699 1340 2744 me,

347 2744 373 2783 ut
384 2751 453 2796 quam
467 2739 588 2784 celerrime
601 2752 658 2795 opus
669 2740 797 2794 perficiam.
