3060 5190
721 497 848 548 iohannis
868 498 960 548 Wiclii
1174 494 1272 550 Quaest.
1289 494 1340 538 xli.

350 659 380 716 in
404 660 471 716 loco
495 659 579 733 prius
603 660 743 733 allegato,
773 673 801 717 et
825 678 878 733 per
901 661 1193 730 Commentatorem,
1219 660 1346 716 conclu-

350 746 464 804 sionem
490 765 575 804 suam
600 747 630 803 in
655 760 844 819 comment03
869 759 953 821 patet
977 745 1072 804 eciam
1097 765 1150 822 per
1166 747 1344 821 Algacelem

349 833 379 891 in
405 832 598 908 philosophia
624 853 678 891 sua
703 833 865 907 dicentem,
904 834 929 891 si
961 834 1062 890 fumus
1093 833 1182 891 fuerit
1216 834 1343 908 spissus,

349 921 470 995 ignitur,
488 934 515 978 et
532 921 556 977 si
574 941 637 978 non
654 934 697 978 est
714 921 793 993 talis
811 921 862 996 qui
877 921 937 978 cito
949 935 1153 1002 convertatur,
1171 921 1345 979 remanebit

348 1008 391 1065 sic
416 1007 616 1083 aliquamdiu,
646 1021 678 1064 ut
706 1008 859 1066 videbitur
884 1010 971 1066 stella
995 1011 1141 1081 caudata;
1167 1008 1265 1066 eciam
1291 1013 1369 1084 peri

350 1096 537 1154 Ptolemeuni
572 1095 733 1168 dicentem,
774 1098 855 1171 quod
894 1095 1039 1153 iudicium
1078 1096 1206 1153 tercium
1249 1110 1294 1167 est
1327 1116 1344 1154 a

349 1182 489 1240 secundis
505 1183 609 1255 stellis,
626 1202 717 1258 super
736 1203 797 1258 quo
812 1183 916 1241 dicunt
932 1196 992 1240 tres
1009 1183 1201 1241 conclusions
1219 1203 1344 1241 comen-

349 1283 463 1327 ratores
486 1270 532 1329 sui
557 1271 645 1345 Haly,
668 1271 823 1328 Abraham
850 1282 878 1328 et
903 1272 1084 1346 Ungaforus.
1105 1265 1110 1352 Ι
1356 1276 1407 1325 F.2

348 1510 371 1560 si
382 1511 470 1574 suerit
481 1513 577 1578 fumus
595 1512 705 1577 spissus,
725 1513 846 1581 ignietnr
864 1512 983 1578 quidem3
1003 1511 1127 1578 sedquia
1147 1527 1199 1562 non
1214 1518 1256 1562 est
1269 1513 1345 1563 talis'

348 1582 394 1646 qui
412 1581 465 1631 cito
483 1587 666 1642 convertatur,
686 1583 835 1634 remanebit
846 1585 885 1632 sic
897 1582 1063 1648 aliquamdiu
1077 1589 1103 1633 et
1115 1582 1252 1632 videbitur
1264 1583 1343 1633 stella

347 1650 480 1713 caudata,·
509 1666 558 1716 qne
585 1653 743 1718 quandoque
767 1653 915 1702 revolvitur
937 1668 996 1703 cnm
1020 1652 1075 1702 celo
1099 1667 1130 1702 eo
1153 1652 1225 1717 quod
1246 1658 1344 1717 partes

348 1721 419 1785 ignis
438 1721 563 1772 continue
581 1731 643 1771 sunt
656 1737 715 1772 cnm
731 1722 858 1784 partibus
872 1722 1051 1774 concavitatis
1063 1722 1126 1773 celi:
1146 1727 1172 1772 et
1185 1721 1246 1772 ideo
1261 1723 1344 1773 resol-

348 1790 420 1839 vitur
429 1797 544 1852 propter
557 1792 722 1842 consortium
736 1792 793 1842 eius
864 1791 888 1841 8.
903 1792 1082 1858 Significatur
1093 1792 1141 1859 troc
1152 1792 1212 1842 loco
1226 1793 1345 1855 scriptor

348 1860 474 1910 arabicus
496 1859 697 1923 ’Abit-l-Hasam
719 1860 768 1910 ‘Ait
787 1860 831 1910 ibn
852 1860 1025 1926 'Aba-r-Rtjai
1045 1862 1073 1910 as
1090 1861 1204 1924 Saibiini‚
1224 1877 1271 1912 seu
1291 1878 1343 1927 quo

349 1929 454 1980 nomine
473 1930 664 1997 circumfertur
682 1932 750 1997 Haly
769 1931 844 1981 Aben
864 1931 953 1996 Regel‚
977 1932 1109 1996 interpres
1132 1931 1193 1982 libri
1210 1931 1344 1981 Ptolemei

348 2000 480 2048 “Centum
506 2000 633 2050 verbum'’
664 2002 793 2063 inscripti,
821 2001 847 2050 in
876 2003 950 2053 cuins
973 2001 1094 2064 opusculi
1119 2000 1245 2061 editione,
1273 2016 1344 2067 quae

344 2069 450 2133 prodiit
469 2085 521 2119 nna
540 2085 599 2119 cnm
620 2071 708 2135 Opere
727 2071 925 2135 quadripartito,
944 2071 1057 2122 Venetiis
1074 2071 1156 2130 1484,
1175 2071 1213 2121 ad
1233 2076 1343 2122 textum

352 2140 528 2189 Claudianum
558 2140 628 2190 verb.
657 2142 709 2190 IV:
730 2139 835 2190 ‘Anima
865 2154 933 2206 qnae
960 2155 998 2190 ex
1027 2146 1126 2190 natura
1154 2140 1203 2189 dat
1232 2141 1344 2202 iudicia,

350 2209 480 2259 indicabit
497 2224 577 2275 super
594 2211 715 2261 secundis
734 2210 886 2271 stellarum
905 2211 1008 2275 eritque
1027 2211 1082 2260 eins
1095 2210 1224 2259 indicium
1239 2211 1344 2272 melius,

350 2294 429 2343 qnam
458 2278 536 2338 illins,
564 2280 609 2343 qui
637 2280 765 2329 iudicabit
791 2293 871 2344 super
893 2280 1000 2342 primas
1019 2279 1122 2331 stellas’
1138 2280 1275 2329 adnotata
1300 2281 1343 2331 in-

349 2349 493 2398 veniuntur
511 2350 590 2398 lraec:
616 2348 680 2399 ‘Iam
701 2349 792 2400 docuit
814 2356 848 2411 te,
871 2349 1003 2414 quomodo
1022 2351 1072 2401 hoc
1094 2350 1186 2400 anima
1205 2349 1287 2400 habet
1306 2366 1345 2401 ex

350 2424 465 2467 natura.-
488 2434 557 2469 nnnc
574 2418 635 2469 dico
654 2420 709 2479 tibi,
733 2420 796 2484 quia
814 2419 929 2469 secunde
948 2419 1086 2470 stellarum
1106 2433 1143 2468 ex
1166 2433 1247 2482 opere
1265 2427 1344 2479 sunt,·

350 2488 419 2552 quod
439 2486 494 2549 ipse
505 2489 617 2553 faciunt
636 2491 682 2539 sub
702 2488 802 2538 circulo
821 2488 921 2550 lunari,
941 2497 969 2538 nt
988 2488 1178 2539 sintillationes
1190 2488 1232 2538 vel
1251 2490 1343 2539 iacula

350 2563 375 2606 et
394 2556 470 2607 stelle
488 2572 547 2607 cnm
567 2559 661 2608 caudis
680 2565 706 2609 et
724 2559 840 2620 circulis,
864 2573 913 2623 qne
936 2566 1071 2622 appareret
1089 2558 1248 2623 quandoque
1265 2558 1343 2609 circa

349 2627 449 2677 solem.
465 2662 511 2679 ...
530 2627 586 2678 Sed
607 2629 774 2694 significacio
797 2643 892 2678 earum
912 2644 963 2678 non
983 2635 1090 2678 tantum
1114 2628 1186 2678 valet
1207 2634 1342 2693 quantum
1404 2626 1409 2633 '

349 2696 515 2761 significatio
533 2698 688 2748 stellarum:
707 2705 733 2749 et
751 2713 810 2748 cnm
831 2698 932 2758 anima,
951 2712 1000 2763 que
1019 2698 1098 2748 habet
1113 2698 1163 2748 hoc
1175 2712 1212 2749 ex
1225 2705 1342 2760 natura,

349 2766 448 2816 scilicet
466 2765 589 2818 indicare
607 2782 661 2830 per
679 2768 810 2818 secundas
829 2767 929 2828 stellas,
950 2768 1044 2819 melius
1065 2766 1195 2818 iudicabit
1211 2782 1266 2830 per
1284 2784 1344 2828 eas,

349 2851 429 2901 qnam
458 2835 526 2886 alius
549 2853 603 2900 per
628 2839 722 2888 stellas
742 2836 868 2902 primas’
891 2837 931 2886 De
953 2836 1096 2886 Abrahami
1120 2836 1146 2885 in
1172 2837 1343 2888 Ptolemeum

349 2906 506 2956 commentis
519 2921 577 2957 cum
592 2908 656 2957 nihii
673 2908 771 2967 adhuc,
784 2907 873 2972 quoad
885 2908 977 2967 sciam,
997 2912 1087 2957 notum
1101 2908 1144 2966 sit,
1161 2907 1266 2957 coicere
1278 2907 1343 2959 licet

349 2975 460 3024 eundem
485 2989 540 3026 esse
566 2976 639 3026 illum
668 2984 747 3042 atque
770 2975 956 3026 Abrahamum
979 2978 1143 3026 Avesneszre
1165 2976 1206 3025 vel
1230 2979 1343 3040 Aezera,

350 3045 489 3107 Iudaeum,
508 3047 666 3110 scriptorem
686 3047 767 3096 libelli
786 3047 830 3094 “in
849 3047 999 3111 magisterio
1022 3046 1180 3095 iudiciorum
1199 3056 1343 3109 astrorum,

350 3129 430 3179 quem
449 3116 601 3180 compilavit
619 3115 753 3165 Abraham
776 3131 806 3165 ex
831 3116 906 3165 dictis
925 3117 1082 3182 sapientium
1102 3125 1127 3165 et
1145 3115 1254 3165 floribus
1274 3119 1344 3168 anti-

350 3183 480 3248 quorum”
491 3220 498 3233 .
511 3220 518 3233 .
531 3221 538 3234 .
551 3186 596 3251 qni
609 3201 690 3236 mauu
704 3187 820 3248 scriptus
832 3187 933 3253 legitur
946 3200 999 3236 nna
1012 3201 1071 3236 cnm
1083 3185 1212 3235 Ptolomei
1225 3186 1344 3247 Quadri-

350 3254 443 3318 pertito
474 3264 499 3303 et
528 3255 554 3303 in
585 3257 655 3304 idern
691 3266 842 3305 commento
872 3256 940 3321 Haly
974 3256 1000 3306 in
1037 3257 1129 3306 codice
1159 3256 1345 3309 Bibliothecae

350 3325 532 3374 Lemovicensi
546 3340 657 3376 numero
670 3329 687 3374 9
700 3327 762 3388 (28)
777 3326 912 3391 insignito.
934 3326 972 3391 Cf.
993 3325 1145 3391 catalogue
1160 3322 1275 3390 general
1295 3328 1344 3379 des

350 3395 512 3443 manuscrits
539 3395 584 3445 des
608 3395 802 3459 Bibliotheqnes
830 3397 876 3446 des
900 3396 1108 3458 Departemeuts
1131 3401 1180 3446 etc.
1209 3395 1345 3448 Nouvelle

350 3461 419 3513 se'rie
438 3463 481 3512 IX
496 3465 560 3513 455.
581 3464 753 3529 Ungaiorum‚
773 3467 931 3530 inerpretem
957 3465 1109 3526 Ptolemaei,
1131 3464 1268 3530 indagare
1288 3482 1344 3517 non

351 3534 470 3598 contigit.
