3060 5190
713 469 841 520 lobannis
860 471 953 520 Wiclif
1197 440 1337 522 Quaestsx.

349 634 429 687 Deus
464 629 571 703 diligit.
605 629 697 704 Igitur
730 616 913 688 antecedens
941 649 1061 701 verum,
1097 642 1127 687 et
1156 631 1340 687 antecedens

348 718 420 775 item
450 730 542 791 patet,
576 736 644 774 cum
674 716 833 775 cuiuslibet
865 717 1016 793 possibilis
1049 717 1242 792 suppositum
1278 736 1340 775 esse

349 804 491 880 possibile
515 806 680 860 secundum
705 824 768 861 rem
793 805 830 862 sit
855 808 966 863 bonum
991 805 1145 862 infinitum
1171 817 1227 862 etc.
1251 798 1255 886 Ι
1351 808 1431 874 Fauo
1464 799 1472 831 ⁴

393 893 635 948 CORROLARIUM:
661 891 764 948 Prima
780 892 954 950 substancia
970 912 1061 950 omne
1082 892 1227 968 possibile
1243 890 1341 965 diligit

350 978 483 1050 infinite3
507 992 599 1052 patet,
617 979 689 1054 quia
705 998 795 1036 omne
816 980 959 1055 possibile
975 982 1143 1038 secundum
1160 981 1366 1055 supremum5

351 1085 413 1123 esse
442 1065 586 1140 possibile
615 1066 712 1141 diligit
742 1066 859 1125 infinite
888 1087 933 1139 eo,
963 1070 1045 1144 quod
1073 1087 1250 1142 supremum
1277 1085 1342 1124 esse

351 1153 568 1228 cuiuscumque
596 1153 748 1228 possibilis
781 1157 946 1212 secundum
977 1175 1038 1213 rem
1074 1155 1112 1212 sit
1146 1157 1260 1212 bonurn
1298 1155 1342 1212 in-

351 1241 484 1312 finitum3
510 1240 601 1315 igitur
626 1241 726 1316 prima
750 1243 924 1301 substancia
950 1261 1041 1300 omne
1070 1241 1215 1317 possibile
1243 1241 1343 1316 diligit

351 1328 476 1386 infinite.

395 1419 624 1473 coauornarurr
660 1425 843 1471 srcuunuu:
885 1416 987 1473 Prima
1024 1416 1197 1474 substancia
1236 1415 1345 1474 omnia
1359 1435 1390 1468 10

351 1503 508 1578 possibilia
541 1502 682 1577 intelligit
718 1517 747 1560 et
780 1503 877 1577 diligit
915 1503 1041 1561 infinite.
1080 1507 1165 1561 Patet
1198 1522 1232 1561 ex
1270 1523 1345 1561 con-

352 1590 537 1648 clusionibus
562 1604 590 1648 et
615 1590 786 1648 corrolariis
809 1591 974 1665 premissis.

133 1691 172 1734 Ill.
188 1690 341 1750 Conclusion.
397 1681 581 1736 CONCLUSIO
605 1687 731 1732 TERCIA:
765 1680 875 1736 Multas
903 1679 1053 1736 bonitates
1077 1691 1217 1736 causatus
1241 1678 1346 1753 prima

134 1743 342 1850 goorinheesrsesiincu
353 1764 525 1822 substancia
548 1783 610 1820 non
626 1763 722 1839 diligit
739 1765 864 1822 infinite.
889 1769 1046 1837 Probatur,
1071 1766 1143 1841 quia
1163 1785 1257 1822 unam
1276 1767 1347 1840 plus

141 1848 336 1943 sniiiaricritiires
354 1853 451 1927 diligit
479 1865 506 1909 et
534 1851 625 1908 aliam
659 1851 767 1921 minus,
801 1865 829 1909 et
862 1872 954 1927 quam
988 1853 1087 1910 minus
1119 1853 1217 1928 diligit
1248 1856 1393 1928 quam15

180 1955 291 2014 *notlove
353 1940 511 2014 reliquam,
536 1938 617 1995 illam
643 1958 704 1995 non
729 1938 827 2013 diligit
850 1940 977 2012 infinite,
1002 1954 1031 1997 et
1050 1943 1231 1997 antecedens
1247 1954 1347 2016 patet,

179 2006 298 2061 ¹¹¹fin¹t⁰¹y'
353 2027 426 2103 quia
448 2027 522 2083 alias
545 2025 717 2082 substancia
740 2027 839 2101 prima
862 2047 924 2084 non
948 2029 1013 2102 plus
1031 2027 1167 2101 diligeret
1184 2028 1348 2085 hominem

352 2114 530 2183 virtuosum,
547 2131 639 2187 quam
656 2113 787 2187 lapidem
805 2114 1001 2186 insensatum,
1018 2116 1101 2189 quod
1115 2133 1176 2171 non
1191 2116 1348 2173 convenit.

353 2201 446 2276 Igitur
470 2214 525 2258 etc.

397 2290 634 2345 CORROLARHJM:
669 2291 736 2345 Non
767 2288 917 2363 sequitur:
949 2289 1049 2363 prima
1083 2289 1257 2347 substancia
1293 2310 1350 2347 sua
1361 2309 1397 2344 20

354 2375 520 2433 dileccione
536 2374 733 2432 substanciali
755 2375 873 2433 infinite
889 2376 987 2450 diligit
1002 2375 1150 2451 lapidem3
1173 2376 1268 2450 igitur
1294 2377 1349 2435 illa

354 2463 519 2520 dileccione
543 2461 661 2518 infinita
689 2461 786 2536 diligit
814 2463 961 2537 lapidem3
995 2463 1072 2519 sicut
1103 2482 1165 2520 non
1188 2463 1347 2538 sequitur:

354 2550 454 2625 prima
477 2548 650 2606 substancia
674 2549 838 2605 dileccione
862 2549 1040 2624 simpliciter
1060 2549 1230 2607 necessaria
1246 2551 1352 2626 diligit

354 2637 497 2712 lapidem,
521 2636 573 2692 illa
588 2635 687 2710 prima
710 2636 885 2694 substancia
907 2636 959 2694 illa
983 2637 1148 2694 dileccione
1164 2637 1352 2712 simpliciter

354 2724 523 2782 necessaria
539 2722 636 2797 diligit
659 2723 802 2798 lapidem,
827 2743 895 2781 cum
920 2724 1132 2782 convenienter
1149 2724 1248 2799 diligit
1265 2745 1350 2783 eum.
1363 2729 1396 2780 25

399 2815 626 2870 connominari
644 2821 826 2866 sreuunuu:
852 2811 997 2883 Quamvis
1018 2812 1145 2870 dileccio
1161 2812 1260 2888 prime
1279 2816 1351 2871 sub-

354 2900 478 2971 stancie,
503 2918 563 2974 qua
586 2917 617 2955 se
641 2911 669 2955 et
693 2917 814 2955 omnem
839 2898 1005 2956 bonitatem
1031 2913 1162 2957 creatam
1180 2900 1294 2974 diligit,
1320 2902 1352 2958 in

355 3007 385 3045 se
409 2987 545 3044 absolute
569 2986 607 3042 sit
630 2985 729 3058 unica,
754 2985 939 3043 invariabilis
961 3000 989 3044 et
1006 2986 1135 3060 infinita,
1159 2986 1226 3061 ipsa
1241 3001 1351 3045 tamen

355 3075 520 3150 respective
536 3073 689 3130 obiectum
706 3073 867 3148 dispariter
883 3075 973 3146 bona,
998 3074 1096 3130 maior
1115 3088 1144 3131 et
1164 3074 1268 3131 minor
1294 3090 1351 3148 est,

356 3176 385 3219 et
409 3162 528 3218 dicitur.
558 3161 659 3217 Prima
682 3180 751 3235 pars
774 3173 867 3235 patet,
898 3180 967 3218 curn
993 3161 1091 3234 prima
1115 3163 1294 3220 substancia
1318 3163 1350 3220 in
1362 3169 1397 3219 30

356 3270 386 3306 se
410 3250 546 3306 absolute
570 3249 608 3305 sit
631 3248 729 3305 omnis
750 3247 894 3305 bonitatis
917 3248 1035 3305 infinite
1059 3248 1296 3323 invariabiliter3
1322 3264 1352 3308 et

356 3340 488 3393 secunda
504 3356 573 3410 pars
590 3348 682 3409 patet,
707 3355 776 3392 curn
800 3354 867 3392 vere
891 3335 1019 3402 dicatur,
1044 3338 1126 3410 quod
1150 3337 1251 3411 prima
1277 3340 1351 3395 sub-

356 3424 471 3481 stancia
508 3443 602 3479 unum
636 3425 747 3479 bonum
781 3436 935 3480 causatam
969 3425 1036 3498 plus
1071 3423 1167 3497 diligit
1201 3437 1230 3481 et
1263 3425 1352 3482 aliud

357 3512 457 3568 minus
490 3511 596 3584 diligit,
629 3511 711 3584 quod
743 3530 804 3567 non
837 3524 935 3584 potest
968 3510 1155 3584 contingere,
1187 3510 1245 3567 nisi
1281 3512 1351 3586 ipsa

357 3599 482 3655 dileccio
506 3598 603 3673 prime
627 3598 796 3654 substancie
821 3617 1015 3672 nequaquam
1044 3597 1075 3653 in
1103 3616 1134 3654 se
1163 3599 1265 3669 habet,
1297 3603 1397 3656 sed35

356 3687 454 3742 solum
479 3687 644 3741 secundum
668 3698 822 3759 respectus
839 3699 867 3743 et
884 3688 1050 3742 secundum
1075 3685 1194 3742 obiecta
1210 3686 1351 3760 disparia

357 3773 454 3830 maior
471 3786 499 3829 et
516 3773 615 3829 minor
625 3771 751 3828 dicatur.
770 3774 865 3843 Unde,
883 3772 960 3829 sicut
971 3772 1098 3847 angulus
1111 3773 1351 3831 mathematicus

357 3861 387 3917 in
398 3880 428 3917 se
439 3861 574 3918 absolute
585 3872 628 3916 est
638 3859 836 3930 indivisibilis,
855 3873 883 3916 et
896 3874 998 3916 tamen
1014 3860 1189 3934 respective,
1206 3875 1351 3934 respectu

358 3949 446 4019 basiS,
472 3961 500 4004 et
521 3967 598 4004 unus
616 3946 712 4003 maior
736 3959 764 4003 et
788 3947 864 4004 alius
890 3947 989 4005 minor
1012 3966 1030 4004 a
1054 3948 1280 4005 mathematicis
1298 3950 1350 4005 de·
1381 4002 1385 4007 .

358 4050 545 4112 numeratur,
562 4034 604 4091 sic
621 4033 746 4091 dileccio
757 4034 854 4109 prime
871 4034 1043 4092 substancie
1059 4034 1091 4091 in
1107 4052 1138 4090 se
1155 4048 1199 4092 est
1214 4035 1398 4104 invaria-ro

358 4124 457 4180 biliter
480 4122 597 4179 infinita
620 4141 675 4178 nec
699 4134 742 4178 est
765 4122 868 4197 aliquo
893 4124 983 4179 modo
1005 4121 1168 4195 mutabilis,
1193 4136 1222 4179 et
1242 4135 1349 4180 tamen

414 4425 444 4456 21·
462 4413 533 4455 Coa:
552 4367 648 4454 infinittae.
701 4425 734 4466 41.
754 4412 825 4455 Cod:
843 4421 872 4454 av
889 4402 945 4475 isoss
959 4401 1016 4459 isli.
