3060 5190
694 460 863 510 JOHANNIS
881 460 1008 510 WICLIF
1209 457 1283 502 CAP.
1299 459 1352 503 XX.

353 640 415 679 non
438 622 578 696 gradum,
604 619 751 695 sequitur,
780 621 862 695 quod
887 618 1073 677 diminuetur
1096 639 1194 697 usque
1220 623 1263 678 ad
1287 641 1353 679 non

353 709 493 784 gradum,
527 720 556 765 et
580 726 633 782 per
661 707 736 764 illud
766 719 866 782 potest
898 706 1122 782 quantumlibet
1155 708 1351 783 prolongari.

132 808 342 870 The‘succesaive‘
396 797 473 852 Vere
502 812 574 869 ergo
602 794 755 870 loquendo
783 794 900 852 nullum
925 794 1127 852 successivum
1151 808 1258 870 potest
1283 815 1353 854 esse

141 868 244 958 wfiffffi
255 867 330 957 {1¹3¹}ss
353 881 417 940 sine
441 880 583 938 omnibus
607 881 669 939 suis
692 880 828 957 partibus
845 899 898 957 per
914 881 1053 939 ordinem
1078 880 1135 938 sibi
1153 884 1353 941 succedenti-

134 973 207 1064 parf,
222 965 299 1062 whqicn
314 964 337 1009 ln
353 971 418 1039 bus,
452 970 505 1026 sed
534 980 658 1027 econtra
690 968 824 1044 quelibet
853 968 916 1026 eius
944 987 1014 1044 pars
1047 968 1130 1044 prius
1162 971 1378 1029 naturaliteri

159 1027 317 1130 {aliialii
353 1074 445 1131 quam
479 1075 567 1113 suum
596 1068 705 1129 totum,
739 1075 807 1114 cum
836 1055 920 1113 nulla
949 1053 1075 1130 requirit
1104 1056 1207 1131 previe
1233 1071 1352 1133 partes,

195 1125 278 1168 Wh⁰¹⁰·
354 1156 517 1218 antequam
543 1156 709 1219 componat
733 1143 799 1201 illas
824 1141 1004 1218 integrando
1029 1155 1138 1200 totum.
1161 1139 1165 1224 Ι
1365 1152 1390 1201 F.

396 1233 458 1288 Nec
491 1229 627 1305 sequitur
659 1231 718 1288 hoc
749 1228 952 1289 successivum
986 1241 1031 1287 est
1063 1230 1129 1287 sine
1162 1231 1222 1288 ista
1259 1247 1352 1307 parte

353 1316 508 1390 existente,
538 1336 609 1392 ergo
638 1330 682 1376 est
710 1316 774 1375 sine
801 1317 859 1375 ista
889 1329 991 1393 parte;
1025 1316 1096 1392 quia
1119 1318 1158 1375 ad
1182 1336 1251 1376 esse
1276 1320 1352 1377 sim-

353 1403 472 1479 pliciter
504 1403 568 1461 sine
600 1403 658 1463 ista
690 1417 776 1480 parte
810 1403 974 1480 requiritur
1002 1423 1058 1478 pro
1088 1404 1173 1462 nullo
1202 1418 1390 1482 temporem

352 1492 464 1549 habere
496 1490 601 1562 istam3
635 1491 712 1549 sicut
745 1510 816 1566 ergo
848 1490 948 1549 omnis
977 1509 1047 1565 pars
1077 1491 1252 1567 successivi,
1288 1515 1352 1570 que

352 1577 408 1634 fuit
431 1579 477 1636 vel
501 1577 568 1650 erit,
598 1579 688 1636 habet
712 1581 866 1654 quandam
890 1577 1083 1654 prioritatem
1106 1581 1282 1638 naturalem
1310 1585 1350 1642 ad

352 1677 461 1736 totum,
487 1665 530 1723 sic
550 1665 641 1723 estin
658 1684 800 1724 mensura
823 1684 888 1738 sua,
913 1665 937 1723 si
961 1683 1050 1722 suum
1075 1678 1174 1723 totum
1201 1681 1257 1725 est.
1282 1674 1350 1728 Nec

352 1751 488 1827 privatur
520 1764 618 1810 totum
652 1752 753 1828 aliqua
782 1753 828 1811 sui
857 1765 953 1828 parte,
987 1752 1059 1827 quia
1091 1772 1216 1811 omnem
1252 1759 1346 1814 talem

352 1840 443 1896 habet
466 1859 522 1914 pro
545 1852 694 1915 tempore,
727 1853 915 1916 quonatum
940 1840 1120 1897 esthabere
1149 1838 1247 1900 illam.
1281 1847 1389 1902 Nec15

352 1932 453 2001 posset
487 1926 570 2002 prius
602 1940 653 1985 aut
686 1927 836 2002 posterius
870 1928 980 1984 habere
1012 1926 1106 1985 illam.
1148 1929 1205 1985 Res
1241 1946 1345 1989 autem

353 2031 534 2088 permanens
566 2013 703 2089 privatur
735 2017 806 2074 data
838 2015 937 2073 forma
968 2025 997 2070 et
1033 2027 1077 2072 est
1108 2026 1243 2088 protunc
1280 2019 1347 2077 sine

352 2100 405 2157 illa
429 2118 474 2171 eo,
508 2104 590 2177 quod
624 2114 754 2178 protunc
787 2104 938 2178 complete
961 2113 990 2157 et
1013 2115 1086 2160 nata
1115 2101 1230 2161 habere
1260 2105 1346 2165 illam

354 2201 511 2262 tamquam
536 2188 602 2264 ipsa
626 2190 787 2265 posterius.
816 2190 913 2248 Aliter
936 2186 1017 2245 enim
1041 2207 1103 2247 non
1126 2188 1269 2263 privatur
1293 2195 1348 2252 ali-

355 2273 429 2349 quid
452 2273 522 2332 alio.
