3060 5182
170 481 267 535 Qssflebl·
282 480 342 524 Xlll·
382 484 557 546 Quaestiones
576 484 677 548 logicae
696 493 721 532 ct
740 483 946 549 philosophicae.
1310 472 1367 528 305

213 648 319 702 Utrum
344 644 419 701 illud
445 644 578 701 medium
609 645 728 702 causale
757 658 861 703 causat
889 664 943 719 per
971 646 1076 718 sevel
1100 666 1152 720 per
1181 657 1357 720 What-species

167 731 318 804 accidens,
352 731 465 789 scilicet
500 751 553 806 per
581 731 721 789 accidens
749 746 793 789 est
821 732 971 806 potencia,
999 752 1057 808 que
1085 734 1152 807 plus
1254 725 1282 756 '⁵'

168 834 282 890 causat,
308 839 376 876 cum
401 819 439 876 sit
452 839 505 894 per
529 838 560 876 se
584 838 684 876 causa.
710 819 832 895 Species
856 818 966 876 dicitur
983 839 1043 876 uno
1062 823 1152 877 modo

166 909 289 980 ydolum
304 907 350 964 vel
367 907 435 964 idea
452 906 579 963 existens
597 906 627 963 in
644 907 793 980 potencia,
812 908 977 963 secundum
996 927 1087 982 quam
1105 926 1152 964 res

141 1001 212 1050 5est
236 992 462 1069 cognoscibilis;
493 1008 521 1051 et
543 1013 597 1068 per
620 993 793 1068 potenciam
818 992 953 1068 intelligo
978 994 1150 1068 potenciam

166 1081 268 1138 anime
284 1081 457 1139 sensitivam
468 1081 515 1138 vel
530 1080 756 1139 intellectivam.
774 1083 912 1138 Secundo
930 1083 1022 1139 modo
1038 1081 1152 1156 species

166 1182 211 1225 est
235 1168 397 1243 disposicio
421 1168 621 1244 quantitativa
650 1167 778 1225 existens
802 1167 953 1242 potencia,
982 1188 1036 1242 per
1059 1187 1151 1244 quam

167 1254 338 1330 disponitur
354 1255 457 1313 anima
473 1268 501 1312 et
518 1255 602 1313 vadit
618 1254 648 1312 in
665 1268 766 1313 actum
789 1255 992 1330 cognoscendi
1012 1255 1152 1313 distincte

167 1361 241 1400 rem.
266 1342 387 1418 Species
410 1343 562 1400 senciendi
587 1356 631 1400 est
646 1343 769 1416 ydolum
794 1345 923 1400 existens
946 1341 976 1399 in
1000 1342 1150 1418 potencia,

32 1463 35 1465 -
123 1451 155 1484 ιο
167 1444 376 1504 representans
392 1449 454 1487 rem
472 1429 643 1488 sensibilem
655 1430 732 1487 sicut
749 1443 802 1502 est,
818 1431 864 1487 vel
875 1429 917 1487 sic
934 1443 978 1486 est
988 1429 1151 1505 disposicio

167 1517 345 1592 qualitativa
369 1517 496 1575 existens
520 1517 551 1574 in
568 1517 717 1591 potencia,
742 1536 903 1592 perquam
920 1517 1063 1592 potencia
1086 1536 1151 1574 sen·

166 1604 253 1662 sitiva
277 1604 446 1680 disponitur
470 1617 499 1662 et
515 1604 596 1662 vadit
620 1604 650 1660 in
674 1618 775 1661 actum
793 1605 993 1680 cognoscendi
1010 1603 1151 1662 distincte

166 1711 241 1748 rem.

210 1781 269 1836 Ens
292 1778 478 1852 intelligendi
503 1791 546 1836 est
562 1779 685 1853 ydolum
704 1791 914 1854 representans
931 1798 994 1836 rem
1018 1779 1049 1836 in
1065 1778 1151 1836 intel·

120 1865 301 1935 15lectibus‚
326 1865 403 1923 sicut
420 1880 474 1937 est,
494 1868 541 1924 vel
556 1866 598 1923 sic
622 1865 736 1941 species
760 1864 956 1940 intelligibilis
979 1880 1023 1924 est
1046 1864 1151 1923 simili·

166 1955 240 2009 tudo
264 1952 317 2023 rei,
347 1956 512 2011 secundum
542 1973 634 2028 quam
663 1972 710 2010 res
738 1953 916 2028 simpliciter
948 1953 1150 2028 cognoscitur,

165 2039 242 2096 sicut
266 2054 294 2097 et
311 2061 380 2098 vera
404 2040 519 2116 species
543 2055 586 2097 est
610 2040 641 2096 in
658 2039 810 2098 intellectu
827 2060 888 2098 non
903 2041 1077 2113 subiective,
1098 2041 1150 2098 sed

164 2127 417 2200 intencionaliter‚
446 2127 524 2186 sicut
547 2130 623 2185 odor
646 2128 677 2183 in
702 2128 801 2185 medio
825 2142 868 2185 est
891 2127 1149 2197 intencionaliter3

164 2214 241 2288 lapis
273 2234 334 2272 non
367 2229 410 2272 est
443 2214 474 2271 in
507 2215 618 2280 anima,
652 2217 703 2271 sed
737 2215 851 2290 species
885 2215 1005 2290 lapidis,
1043 2214 1073 2271 id
1106 2228 1150 2272 est

120 2320 154 2355 20
165 2301 332 2358 similitudo
356 2302 502 2360 naturalis
527 2301 646 2376 lapidis,

209 2389 331 2463 Species
357 2391 468 2447 habent
488 2389 669 2464 generaliter
684 2388 829 2447 noticiam
850 2388 893 2446 rei
914 2389 1063 2446 sensibilis
1082 2409 1150 2463 cog·

164 2475 329 2548 noscibilis,
362 2477 433 2552 quia
461 2476 594 2552 quelibet
626 2476 746 2533 illarum
780 2489 824 2534 est
856 2477 983 2533 formale
1016 2475 1150 2533 medium

165 2564 367 2637 cognoscendi
384 2583 463 2637 rem3
487 2578 579 2638 patet,
602 2563 673 2639 quia
690 2564 804 2638 species
821 2577 864 2620 est
880 2563 1051 2638 proximum
1068 2563 1150 2638 prin·

165 2650 278 2724 cipium
303 2650 345 2708 sic
369 2652 583 2726 cognoscendi,
615 2670 684 2708 curn
718 2649 756 2707 sit
784 2650 946 2725 disposicio
971 2650 1150 2726 qualitativa

121 2743 152 2792 25
165 2737 361 2796 manifestans
385 2757 459 2796 rem.
493 2741 566 2796 ltem
590 2737 690 2796 omnis
714 2751 798 2795 actus
827 2740 863 2794 de
885 2756 994 2812 genere
1017 2737 1150 2795 accionis

165 2825 302 2898 procedit
335 2826 465 2883 mediate
497 2846 514 2883 a
549 2825 751 2901 disposicione
780 2825 957 2901 qualitativa
991 2839 1146 2901 tamquam

165 2912 298 2968 medium
323 2915 361 2969 ad
385 2913 471 2970 illum
496 2926 597 2971 actum
622 2914 835 2983 exercendum3
860 2915 911 2970 sed
938 2912 1010 2988 quia
1038 2931 1147 2990 cogno-

164 3017 247 3055 scere
271 3019 334 3057 rem
360 2999 606 3058 intellectualiter
629 3001 675 3057 vel
708 3000 888 3058 sensualiter
921 3013 964 3057 est
997 3013 1082 3057 actus
1112 3002 1148 3057 de

164 3105 272 3160 genere
289 3086 433 3157 accionis,
455 3088 547 3163 igitur
565 3087 702 3163 procedit
718 3087 894 3145 immediate
913 3106 930 3144 a
947 3086 1148 3161 disposicione

119 3179 153 3230 30
164 3173 351 3247 qualitativa,
385 3194 554 3250 perquam
588 3175 762 3232 substancia
791 3188 907 3232 exercet
930 3175 1020 3231 talem
1047 3174 1148 3248 cogni·

164 3260 298 3332 cionem;
316 3275 429 3318 etcum
448 3262 516 3319 talis
534 3262 696 3337 disposicio
714 3262 751 3319 sit
767 3263 891 3337 species,
908 3261 1055 3336 sequitur,
1066 3263 1148 3337 quod

163 3347 278 3422 species
303 3362 358 3405 etc.
