3060 5190
679 474 848 523 rottnNNts
866 473 994 523 tt'tctlF
1215 468 1279 512 CAP.
1290 447 1319 503 ll·

349 637 433 693 Unde
463 648 491 690 et
520 655 589 708 sepe
620 635 698 708 cupit
729 634 898 691 sentencias
922 654 1027 691 eorum
1058 654 1114 707 pro
1143 654 1200 691 suo
1225 634 1326 690 intento

347 723 515 795 probando,
540 735 571 778 ut
590 735 670 796 patet
690 722 783 778 tercio
801 721 1106 795 Meteorologicorum
1132 724 1170 778 de
1186 721 1280 795 yride.
1301 725 1330 777 Et

347 808 456 873 dicere,
487 811 568 884 quod
593 808 746 865 sentencia
775 810 920 865 fundatur
943 828 1034 883 super
1057 827 1118 864 uno
1149 807 1334 882 impossibili,

347 916 407 970 quo
429 898 500 953 dato
524 916 600 970 eque
624 909 801 970 sequeretur
830 895 1005 969 oppositum
1034 894 1111 951 sicut
1136 896 1339 970 propositum,

347 998 390 1040 est
414 983 504 1039 nimis
520 985 583 1039 leve
601 985 736 1055 verbum,
762 985 843 1057 quod
860 982 902 1040 sic
919 996 1020 1057 posset
1044 981 1226 1039 rudissimus
1245 983 1363 1040 multi-3

347 1069 459 1144 plicare
499 1069 707 1127 conclusiones
739 1069 886 1137 inlinitas3
927 1083 955 1126 et
987 1089 1055 1126 curn
1087 1069 1188 1127 omnis
1218 1072 1346 1127 demon-

347 1157 458 1214 stracio
476 1157 652 1214 doctrinalis
676 1158 752 1213 foret
770 1158 922 1212 deducens
939 1158 977 1213 ad
1000 1156 1189 1231 impossibile
1206 1170 1238 1214 et
1263 1159 1347 1215 nulla

347 1245 507 1315 ostensiva,
531 1247 611 1318 quod
630 1258 673 1301 est
690 1257 794 1300 contra
805 1243 998 1301 Aristotelem
1016 1243 1116 1319 primo
1134 1245 1348 1302 Posteriorunr

348 1335 383 1387 tle
412 1330 608 1388 distinccione
636 1330 882 1399 denotacionum‚
916 1333 998 1405 quod
1023 1330 1177 1387 ostensiva
1204 1333 1350 1405 procedit

348 1438 380 1475 ex
410 1418 525 1492 primiS,
559 1418 636 1474 veris
669 1431 697 1474 et
726 1417 920 1488 immediatis
954 1438 1024 1492 ymo
1058 1437 1092 1474 ex
1124 1417 1285 1492 prioribus
1323 1434 1394 1477 etto

348 1519 455 1562 nature
484 1504 658 1561 nocioribus
682 1504 867 1575 veritatibus,
898 1505 969 1579 quia
998 1505 1096 1562 causis
1126 1506 1351 1579 conclusionis,

348 1607 375 1649 et
393 1606 512 1649 constat
530 1593 605 1649 tales
619 1592 898 1648 demonstraciones
912 1592 1068 1666 potissime
1081 1611 1145 1649 esse
1162 1592 1194 1648 in
1210 1594 1354 1651 scientiis

349 1679 577 1749 doctrinalibus,
605 1693 635 1735 et
657 1699 719 1735 non
744 1678 774 1734 in
800 1679 925 1752 phisica,
951 1679 981 1735 in
999 1699 1059 1753 qua
1076 1681 1354 1739 dentonstracionc

349 1766 420 1841 quia
447 1765 616 1823 ostenditur
645 1786 662 1823 a
686 1766 846 1840 posteriori
872 1786 925 1840 per
950 1767 1090 1822 effectum
1119 1766 1184 1822 eius
1210 1770 1354 1827 causari:

349 1867 376 1911 et
394 1867 476 1926 patet
500 1867 690 1928 assumptum
716 1872 748 1910 ex
771 1855 838 1926 hori,
864 1856 945 1927 quod
962 1873 1067 1910 onmes
1084 1853 1216 1911 sciencie
1235 1857 1398 1913 doctri-15

349 1942 431 1997 nales
453 1954 629 2015 supponunt
643 1940 843 1997 diffiniciones
861 1954 889 1996 et
906 1941 965 1997 alia
982 1940 1132 2015 principia
1148 1940 1356 2016 implicanciu

349 2027 551 2102 quantitatem
570 2027 712 2102 distingui
732 2047 749 2084 a
773 2028 945 2084 substancia
963 2041 991 2084 et
1008 2028 1165 2102 qualitate,
1192 2043 1221 2085 et
1242 2049 1278 2086 ex
1294 2031 1357 2086 illis

349 2119 517 2190 procedunt
546 2115 755 2172 concludendo
780 2115 937 2185 ostensive,
966 2134 1022 2171 nec
1046 2114 1151 2171 dicunt
1175 2118 1356 2174 necessaria

350 2205 385 2258 de
409 2203 515 2260 inesse.

167 2300 298 2343 Tlrccxacr
393 2293 480 2360 Quod
510 2302 611 2346 autern
637 2291 833 2346 fundamenta
861 2289 965 2345 talium
996 2288 1195 2345 scienciarum
1233 2289 1265 2346 in
1291 2292 1356 2348 suis
1368 2307 1401 2340 20

141 2354 328 2449 iiiiiiiiiuiiiiii.
349 2376 585 2434 diflinicionibus
615 2389 844 2451 presupponunt
873 2376 944 2433 talia
972 2375 1115 2450 distingui
1147 2396 1180 2433 ex
1205 2378 1355 2436 doctrina

134 2459 160 2501 ul
168 2458 284 2500 accidents
295 2470 339 2499 one

147 2512 207 2555 troni
224 2510 329 2552 another.

403 2644 429 2674 n.
442 2632 511 2675 Coa:
525 2644 554 2688 qe
569 2646 583 2699 ρ
598 2631 667 2682 σκιαί).

404 2812 488 2876 2.('s.
508 2812 584 2860 Arist.
598 2810 769 2893 Metc01olog.
787 2809 851 2858 lll
841 2826 863 2866 2,
882 2826 888 2858 1
913 2810 976 2869 (Ed.
996 2811 1062 2860 Par
1083 2809 1128 2858 ΙΙΙ
1146 2813 1241 2868 605,
1232 2814 1272 2860 (ό
1285 2812 1354 2874 ss)

350 2845 426 2930 ‘Ovi
441 2878 464 2928 ὁ’
483 2877 547 2928 οὔτε
574 2878 672 2929 κύκλον
699 2873 760 2928 οἷόν
783 2895 811 2928 τε
834 2877 960 2942 γίνεσθαι
983 2883 1031 2942 τῆς
1055 2875 1151 2944 ἴριδος,
1170 2876 1235 2927 οὔτε
1255 2882 1355 2944 μεῖζον

353 2946 508 3013 ἡμικυκλίου
522 2953 613 3014 τμῆμα
626 2945 671 2998 καὶ
683 2946 745 3014 περὶ
758 2965 814 2998 των
832 2946 921 2998 ἄλλων
938 2947 1147 3029 συμβαινόντων
1164 2945 1228 3011 napi
1249 2947 1288 2998 αὖ
1290 2947 1354 3014 τὴν,

351 3014 380 3067 in
390 3022 439 3067 τοῦ
449 3017 653 3103 διαγράμματος
664 2967 740 3067 duruit
751 3019 892 3104 θεωροοσι
904 3017 934 3067 ar
928 3020 997 3097 Ῑλον·
1012 3015 1193 3083 ἡμισφαιροιο
1203 3015 1255 3084 μὰρ
1267 3017 1355 3078 ὄντος

351 3083 396 3137 ini
419 3091 468 3137 τοῦ
492 3083 629 3153 ὁρίζοντος
652 3087 751 3138 κυκλου
773 3091 822 3137 τοῦ
847 3082 882 3151 ἐφ
908 3082 929 3154 ᾧ
955 3083 986 3136 τὸ
1011 3106 1038 3149 α,
1061 3085 1176 3170 κέντρου
1197 3085 1227 3136 δὲ
1254 3093 1306 3138 τοῦ
1327 3107 1355 3151 κ,

352 3155 434 3206 ἄλλον
458 3154 488 3205 δέ·
513 3173 586 3238 τινος
608 3155 801 3216 ἀνατέλλοντος
825 3155 938 3222 σημείου
960 3152 996 3221 ἐφ
1017 3151 1039 3224 ᾧ
1059 3151 1090 3206 τὸ
1115 3174 1141 3222 η,
1164 3151 1213 3206 ἐάν
1236 3155 1269 3206 αἱ
1292 3155 1353 3237 ἀπὸ

353 3243 401 3276 ron
419 3243 455 3289 κ]
446 3243 583 3310 μραμμαι
579 3223 648 3276 κατὰ
661 3231 751 3277 κῶνον
763 3222 943 3312 ἐκπίπτουσαι
955 3230 1073 3276 ποιωσιν
1086 3224 1174 3291 ὥςπερ
1188 3225 1353 3288 ἄξοναυ
1299 3225 1353 3292 τὴν

352 3292 388 3359 iq)
405 3290 423 3363 ἦ
444 3292 459 3360 ἡ
478 3313 520 3361 ηκ,
539 3293 584 3345 καὶ
602 3291 657 3346 ἀπὸ
675 3300 725 3346 τοῦ
744 3314 759 3347 κ
777 3292 822 3346 ἐπὶ
841 3292 871 3346 τὸ
876 3291 1120 3380 μέπιζευχθεῖσαι
1132 3293 1354 3348 ἆνακλασθῶσιυ

353 3361 408 3415 ἀπὸ
427 3369 477 3414 τοῦ
496 3362 676 3431 ἡμισφαιρίου
695 3361 784 3416 ἐπὶ
757 3384 788 3416 το
808 3384 825 3430 η
838 3361 883 3416 ἐπὶ
884 3363 945 3446 τὴν
956 3365 1036 3430 μείζω
1050 3364 1153 3450 γωνίαν
1164 3362 1246 3449 πρὸς
1246 3366 1354 3417 κύκλου

353 3432 464 3502 περιφέρ
454 3451 538 3520 ρειμν,
557 3439 774 3501 προςπεσοῦνται
792 3433 820 3485 αἱ
839 3431 894 3486 ἀπὸ
914 3440 962 3485 τοῦ
980 3453 1017 3486 κ.·
1036 3433 1083 3485 καὶ
1100 3431 1149 3486 ἐὰν
1166 3433 1216 3500 μὲν
1233 3430 1279 3486 ἐπ’
1280 3434 1352 3486 ἅνα-

354 3500 475 3572 τολῆς,
459 3501 534 3571 ηέπὶ
547 3504 653 3563 δύσεως
671 3509 720 3555 τοῦ
739 3503 873 3591 ἄστρου
859 3524 877 3570 η
896 3503 1042 3605 ἆνμκλασις
1059 3501 1201 3590 γένηται
1187 3505 1353 3570 ημικύκλιον

354 3573 583 3659 ἀποληφθήσεταυ
601 3579 650 3625 τοῦ
669 3574 767 3624 κύκλου
784 3570 839 3625 ὑπὸ
859 3571 938 3624 τοῦ
926 3573 1063 3640 ορίζοντος
1080 3571 1110 3625 τὸ
1129 3572 1198 3640 ὑπὲρ
1209 3579 1263 3640 μην
1274 3575 1352 3639 γινό-

353 3661 447 3709 μενον·
467 3640 573 3695 ἒὰνὸ”
562 3641 1024 3710 επάνω,ἔλαττονᾶεὶὴμικυκλίου·
1044 3646 1097 3694 κτλ.
1168 3644 1193 3694 8.
1210 3647 1251 3710 Cf.
1267 3647 1351 3695 Arist.

355 3716 425 3764 Post.
439 3714 670 3801 12‚5(1:'d.1²a›.
684 3716 767 3771 1122,
782 3718 819 3763 20
831 3725 892 3769 ss)
908 3711 940 3762 Εἰ
952 3731 1045 3763 οινον
1056 3729 1113 3764 εστι
1125 3730 1156 3762 το
1169 3707 1352 3779 επιστασθαι

355 3777 415 3833 οἷον
432 3780 573 3849 ἔθεμεν,’
559 3782 661 3848 ανάγκη
680 3780 726 3867 κριὶ
745 3781 794 3848 τὴν
811 3779 1031 3848 ἀποδεικτικὴν’
1020 3782 1115 3833 enarer
1106 3800 1171 3848 μην
1187 3778 1216 3844 ἐξ
1229 3780 1353 3849 ἀληθῶν

355 3870 370 3901 τ
372 3850 463 3917 'slvoq
476 3871 521 3903 και
534 3852 653 3918 πρώτων
665 3849 710 3902 καὶ
722 3851 841 3918 ἀμέσων,
858 3850 904 3903 καὶ
916 3870 984 3918 yvo(
974 3851 1133 3936 ριμωτέρων
1144 3849 1190 3903 καὶ
1202 3851 1353 3936 προτέρων

355 3919 400 4007 καὶ
419 3919 516 3971 αἰτίων
533 3927 582 3972 τοῦ
601 3921 839 3989 συμπεράσματος·
866 3923 967 3987 οὕτωρ
957 3921 1008 4002 γὰρ
1027 3919 1136 4005 ἔσρνκαι
1153 3920 1199 3972 καὶ
1217 3919 1247 3971 αἱ
1250 3921 1353 4010 ἀρχαὶ

355 3988 453 4042 οἰκεῖαι
475 3996 524 4042 τοῦ
548 3990 730 4058 δεικνυμένου).
760 3988 946 4058 Συλλογισμὸς
968 3990 1018 4074 μὲν
1042 3990 1091 4058 γὰρ
1114 3989 1189 4042 ἔσται
1214 4009 1261 4041 και
1280 3992 1352 4043 ἄνευ

357 4060 473 4111 τούτων
506 4060 645 4122 ἀπόδειξις
675 4061 699 4111 δ’
718 4060 767 4112 οὐκ
795 4059 882 4112 ἔσται·
914 4060 947 4112 οὐ
974 4059 1024 4143 peip
1051 4061 1159 4144 πμιήσει
1185 4057 1352 4144 ἐπιστήμην.

357 4132 456 4213 alpert
470 4128 519 4215 μὲν
538 4126 587 4181 οὖν
605 4132 648 4181 δεῖ
673 4123 750 4191 εἶναι,
775 4127 817 4181 ὅτι
842 4130 890 4182 οὐκ
914 4128 972 4180 ἔστι
993 4130 1025 4182 τὸ
1048 4129 1085 4197 μὴ
1108 4081 1141 4181 ὂν
1163 4126 1352 4182 ἐπίστασθαι·

357 4195 456 4280 μίμν’
440 4218 482 4251 οτι
505 4197 521 4266 ἡ
546 4200 690 4282 διάμετρος
713 4201 875 4286 σύμμετρος.
907 4202 953 4250 ’2κ
969 4199 1096 4286 πρώτων
1122 4199 1146 4249 d’
1165 4198 1352 4284 ἄπρδείκτων,

358 4264 399 4319 ὅτι
411 4269 461 4321 οὐκ
474 4266 569 4336 (πιστί
571 4287 646 4321 orror
658 4267 695 4337 μὴ
702 4267 778 4353 ἔχων
789 4270 930 4355 ρπόὸαξιν
943 4268 1048 4320 αὐτῶν·
1063 4268 1094 4322 τὸ
1105 4287 1156 4335 γαρ
1169 4265 1352 4338 ἐπίστασθαι,

358 4357 397 4388 ων
427 4291 606 4421 ἄπόδαξίς’
595 4357 650 4389 aon
677 4337 714 4405 μὴ
742 4338 810 4390 κατὰ
838 4357 888 4406 σου
890 4338 1015 4407 κίρκος,
1046 4338 1076 4391 τὸ
1105 4338 1174 4406 ἔχειν
1204 4312 1354 4404 απόὸειξίν

357 4403 468 4458 ἐ.στιυ.
483 4412 575 4460 ,ari
