3060 5182
218 465 312 519 Quaesr.
329 465 390 510 XIII·
430 469 605 530 Quaestiones
624 469 724 534 logicae
743 479 769 518 et
786 468 995 534 philosophicae.

217 627 285 685 ciali
302 620 443 700 naturali,
468 647 524 685 nec
545 627 687 685 iniciatur
704 648 721 685 a
738 628 878 703 potencia
895 629 1051 687 essenciali
1073 629 1204 686 naturali

218 714 350 772 eiusdem
387 733 477 772 cause
509 717 650 772 secunde.
685 718 770 773 Patet
799 719 835 773 de
864 716 1050 774 beatitudine
1084 717 1204 774 formali

217 802 490 877 intelligenciarum
519 802 774 876 supradictarum,
809 822 867 878 que
892 818 935 861 est
959 804 1034 861 visio
1058 803 1204 879 pulcritu-

218 888 296 946 dinis
334 889 442 960 divine,
482 909 539 965 que
572 890 647 948 visio
680 892 746 965 plus
779 892 868 948 habet
901 891 1057 964 claritatis,
1090 891 1203 966 gaudii,

192 984 206 1035 5
217 977 441 1049 delectacionis,
453 977 634 1049 securitatis,
645 977 867 1052 perpetuitatis,
875 998 967 1053 quam
979 992 1060 1036 totus
1073 981 1203 1036 mundus

216 1078 318 1139 posset
341 1064 493 1122 estimare.

260 1154 487 1209 Conuotnmuu
507 1161 689 1206 SECUNDUM:
717 1155 786 1209 Non
806 1153 955 1228 sequitur:
983 1153 1039 1210 ista
1066 1152 1203 1228 cognicio

217 1253 261 1296 est
276 1239 444 1296 formaliter
460 1239 491 1295 in
507 1241 564 1296 hac
588 1259 679 1297 causa
703 1242 850 1312 sccunda3
875 1241 967 1316 igitur
990 1240 1047 1297 ista
1071 1243 1204 1298 secunda

216 1345 308 1384 causa
331 1325 496 1383 subiective
521 1340 625 1384 causat
650 1330 787 1385 eandem.
813 1331 898 1385 Patet
922 1340 954 1384 ut
979 1347 1080 1401 supra.
1193 1398 1201 1411 ·

175 1438 206 1472 10
261 1406 488 1471 COR‘ROLARIUM
516 1422 666 1468 TERCIUM:
701 1415 810 1490 Aliqua
840 1428 883 1472 est
916 1415 1066 1489 perfeccio
1100 1413 1203 1489 cogni·

217 1500 312 1558 cionis
336 1500 367 1556 in
391 1520 482 1558 causa
506 1503 649 1572 secunda,
679 1502 709 1558 in
738 1522 798 1576 qua
826 1516 929 1559 tamen
959 1521 1049 1559 causa
1079 1521 1135 1559 nec
1160 1515 1203 1559 est

217 1587 411 1663 principium,
427 1607 483 1645 nec
496 1601 541 1645 est
553 1589 677 1646 inicium
689 1590 827 1646 naturale
838 1609 893 1647 nec
911 1589 1045 1646 medium
1063 1590 1203 1647 naturale

218 1679 256 1732 ad
274 1677 401 1733 eandem
419 1676 639 1750 cognicionem.
664 1679 750 1733 Patet
767 1679 803 1733 de
820 1677 944 1734 amabili
960 1676 1075 1734 visione
1092 1676 1201 1733 intelli-

217 1762 390 1839 genciarum
416 1782 508 1837 supra
531 1763 620 1825 dicta.

118 1854 123 1860 '
177 1858 206 1908 15
263 1853 446 1908 CONCLIJSIO
470 1860 597 1904 TERCIA:
627 1849 738 1925 Aliqua
769 1851 920 1926 perfeccio
953 1850 1137 1925 cognicionis
1172 1850 1420 1908 in111.00nclusion.

218 1956 309 1995 causa
331 1938 464 1994 secunda
481 1957 497 1994 a
515 1956 605 1994 causa
622 1937 753 1995 naturali
770 1939 904 1995 eiusdem
922 1957 1010 1995 cause
1027 1938 1093 2012 plus
1110 1957 1202 2012 quarn
1418 1939 1421 1944 ’

218 2024 353 2082 amedio
370 2024 571 2098 cognoscendi
595 2024 626 2081 in
650 2024 786 2082 existenti
810 2025 854 2081 illi
879 2044 942 2082 esse
960 2038 1003 2082 est
1026 2025 1203 2099 accipienda

217 2131 271 2186 per
295 2113 419 2167 modum
445 2111 559 2168 causati
582 2113 628 2168 vel
653 2112 725 2169 dati.
760 2115 919 2185 Probatur,
948 2113 1020 2187 quia
1050 2112 1200 2187 perfeccio

217 2198 403 2273 cognicionis
426 2198 574 2255 naturalis
606 2198 638 2255 in
666 2218 755 2256 causa
787 2202 929 2271 secunda,
963 2219 1054 2274 quam
1087 2199 1201 2274 perfec-

174 2286 335 2344 2oci0nem
360 2286 531 2360 principiat,
564 2299 591 2343 et
615 2286 757 2361 potencia
784 2287 931 2344 naturalis
956 2300 984 2344 et
1012 2286 1132 2343 habitus
1155 2288 1200 2343 vel

217 2372 332 2448 species
360 2392 412 2430 seu
445 2373 546 2448 passio
570 2373 704 2430 eiusdem
730 2392 818 2431 cause
842 2374 893 2431 illa
918 2375 985 2449 plus
1009 2393 1027 2430 a
1052 2373 1201 2448 potencia,

218 2480 310 2536 quam
331 2460 437 2517 abillo
454 2460 560 2517 habitu
582 2461 628 2518 vel
652 2463 689 2517 ab
708 2460 761 2518 illa
777 2462 877 2536 specie
893 2461 924 2517 in
941 2462 993 2517 tali
1009 2462 1055 2518 vel
1071 2460 1203 2517 sensibili
1227 2475 1233 2486 ’

219 2563 263 2606 est
286 2547 464 2622 accipienda
480 2567 533 2622 per
550 2550 676 2604 modum
694 2548 767 2620 dati,
788 2568 856 2605 cum
874 2548 1015 2624 potencia
1033 2547 1204 2605 essencialis

217 2635 365 2693 naturalis
380 2634 418 2692 sit
434 2634 511 2691 sicut
528 2635 712 2709 principium
729 2635 861 2710 primum
879 2635 1081 2692 substanciale
1097 2634 1204 2691 intrin-

174 2731 205 2782 25
217 2742 330 2793 secum,
344 2735 372 2779 et
389 2721 509 2779 habitus
519 2723 564 2778 vel
579 2722 679 2796 passio
696 2722 772 2779 sicut
789 2723 1002 2780 secundarium
1020 2736 1049 2779 et
1065 2722 1204 2780 acciden-

216 2812 276 2868 tale
300 2822 439 2884 respectu
462 2809 541 2866 illius
564 2809 773 2883 perfeccionis.
798 2810 891 2884 Igitur
915 2822 970 2866 etc.

261 2901 487 2956 counounruuu
511 2906 629 2950 nuruum
653 2898 691 2953 ad
715 2897 798 2954 illam
819 2897 1025 2972 questionem:
1050 2895 1203 2953 Perfeccio

217 2985 285 3042 talis
314 2983 500 3059 cognicionis
529 3003 547 3040 a
575 2983 716 3058 potencia
744 2984 797 3041 tali
826 2985 892 3058 plus
926 3003 1018 3059 quam
1052 3003 1068 3039 a
1102 2984 1203 3041 medio

216 3073 269 3129 tali
293 3073 353 3130 iam
379 3072 459 3128 dicto
485 3084 528 3128 est
552 3071 700 3146 capienda
724 3071 968 3128 intencionaliter
990 3089 1044 3145 per
1069 3071 1202 3128 medium

173 3169 207 3220 30
217 3159 350 3239 estimati
374 3172 402 3216 et
427 3159 552 3216 causati.
578 3161 673 3229 Patet,
699 3158 779 3234 quia,
805 3179 866 3233 quo
883 3160 950 3232 plus
966 3171 1036 3215 sunt
1052 3158 1202 3232 principia

217 3247 334 3303 essendi
351 3247 482 3316 realiter,
504 3247 570 3320 plus
587 3245 737 3320 principia
753 3246 916 3303 intrinseca
934 3245 1115 3303 naturaliter
1131 3265 1203 3320 pen-

217 3333 303 3390 sandi
327 3347 356 3390 et
380 3332 551 3393 estimandi.

260 3422 500 3477 CORROLARIUM:
523 3423 591 3476 Non
607 3419 756 3493 sequitur:
781 3419 1067 3495 proporcionaliter,
1090 3432 1123 3476 ut
1140 3439 1203 3476 am-

218 3507 297 3582 plior
324 3508 371 3564 vel
400 3506 507 3563 melior
536 3519 580 3563 est
604 3506 746 3581 potencia
776 3507 987 3581 cognoscendi,
1022 3506 1146 3581 propria
1175 3520 1203 3563 et

175 3601 206 3656 35
219 3594 385 3669 respectiva
401 3593 551 3668 perfeccio
576 3593 762 3668 cognicionis
787 3607 830 3651 est
854 3613 888 3652 ea
912 3593 1010 3650 maior
1025 3594 1072 3650 vel
1093 3593 1202 3671 minor,

218 3696 247 3739 et
269 3682 312 3739 sic
335 3702 398 3739 non
416 3695 460 3739 est
476 3682 513 3737 de
529 3681 669 3756 potencia
686 3681 817 3738 naturali
834 3681 1037 3756 cognoscendi
1054 3681 1202 3738 absoluta.

218 3768 312 3844 Igitur
344 3769 494 3845 perfeccio
534 3767 723 3843 cognicionis
756 3770 823 3843 plus
856 3782 900 3826 est
939 3767 1116 3842 accipienda
1149 3787 1203 3842 per

219 3856 352 3913 medium
378 3856 508 3914 estimati
539 3875 556 3913 a
581 3855 722 3930 potencia
751 3856 876 3930 propria
904 3855 1081 3930 respectiva,
1110 3875 1202 3930 quam

140 3956 153 3973 ·
218 3963 235 4000 a
258 3944 398 4018 potencia
422 3943 577 4001 essenciali
601 3944 748 4000 absoluta.
779 3945 864 3999 Patet
888 3961 921 4000 ex
946 3942 1112 3999 corrolario
1136 3962 1203 4016 pre-

172 4053 207 4101 40
218 4030 352 4103 cedenti,
387 4044 416 4087 et
444 4030 641 4088 consimiliter
670 4044 714 4087 est
741 4030 938 4087 iudicandum
969 4031 1005 4086 de
1029 4030 1134 4086 habitu
1158 4030 1203 4086 vel

219 4120 256 4174 de
280 4117 380 4192 specie
404 4118 605 4192 cognoscendi
622 4130 761 4192 respectu
779 4117 918 4192 potencie
935 4117 1081 4173 naturalis
1105 4135 1204 4173 essen-

218 4205 312 4277 cialis,
342 4204 419 4262 sicut
446 4204 507 4262 iam
531 4205 645 4263 dictum
675 4218 720 4262 est
750 4204 781 4261 in
810 4204 977 4261 corrolario
1001 4205 1038 4259 de
1062 4204 1203 4278 potencia

218 4292 341 4367 propria
366 4291 531 4366 respectiva
555 4306 695 4367 respectu
711 4291 851 4367 potencie
868 4290 1039 4348 essencialis
1056 4292 1202 4348 absolute,

220 4382 315 4451 Unde,
348 4378 485 4455 quamvis
514 4381 552 4435 ad
584 4381 806 4454 perfeccionem
841 4377 1029 4453 cognicionis
1061 4379 1203 4453 potencia
