3060 5182
143 492 211 534 chl‘.
227 489 298 533 XXII·
387 494 433 543 DE
452 493 545 543 ΕΝΤΕ
566 493 885 545 PREDICAMENThLl.
1287 496 1348 554 ²¹9

145 675 214 713 cum
240 653 374 710 essencia
397 652 499 710 divina
521 653 626 711 omnia
649 652 841 710 uniformiter
864 667 893 710 et
913 653 1132 711 invariabiliter

145 754 340 816 representat.
366 741 436 796 ldeo
460 739 543 812 dicit,
568 743 650 815 quod
675 744 754 797 Deus
778 739 871 798 nichil
895 754 992 815 potest
1016 741 1132 798 noviter
1191 749 1303 812 Forcod

145 829 270 902 diligere
293 829 339 885 vel
362 826 457 900 odire,
481 829 533 883 sed
557 828 581 883 si
606 828 772 902 aliquando
793 814 933 895 sicfacit,
958 828 1132 885 eternaliter
1149 805 1345 900 ⁰⁰⁸ffleffi',{2,v²⁸

145 917 188 974 sic
205 915 275 972 facit
298 917 335 972 ad
360 913 449 987 intra,
475 927 507 970 ut
523 928 606 989 patet
622 914 789 972 corrolario
813 914 938 989 capituli
963 909 1030 972 23³1.
1055 918 1131 973 Cunr
1162 908 1334 965 ⁰¹e¹¹¹³¹¹l³¹¹d

121 1009 217 1077 bergo
241 1002 365 1077 diligere
389 1021 451 1058 rem
478 1001 516 1057 sit
532 1003 607 1059 velle
631 1002 688 1059 sibi
713 1004 826 1058 bonum
843 1015 871 1059 et
887 1002 931 1059 sic
948 1004 986 1058 ad
1004 1001 1132 1060 invicem
1158 960 1342 1056 tppspprveectpps

144 1090 202 1148 sibi
219 1109 292 1162 esse,
310 1090 391 1164 quod
408 1101 452 1146 est
468 1089 623 1146 fundabile
640 1092 765 1160 bonurn,
782 1101 875 1162 patet,
887 1091 970 1163 quod
986 1089 1131 1164 sequitur,
1156 1066 1340 1167 ffiefflevfnfft

145 1178 169 1235 si
199 1181 280 1233 Deus
312 1175 475 1252 quicquam
509 1175 617 1250 diligit,
655 1190 725 1234 tunc
756 1175 832 1232 illud
865 1178 955 1233 habet
988 1195 1061 1234 esse.
1097 1180 1134 1232 Et
1161 1168 1338 1264 agtffffsgfft'lm

146 1285 215 1323 cum
255 1284 318 1321 non
355 1275 477 1337 oportet
509 1283 610 1335 omne,
646 1266 727 1339 quod
761 1264 842 1319 Deus
876 1263 982 1336 diligit,
1015 1283 1135 1338 semper
1163 1253 1334 1329 tempoiesuo.

146 1351 306 1410 actualiter
343 1370 416 1420 esse,
454 1350 525 1424 quia
556 1349 599 1408 sic
631 1350 726 1408 nichil
758 1363 857 1424 posset
894 1349 1028 1424 incipere
1061 1369 1134 1422 esse,

107 1442 272 1514 roplanurn
302 1451 356 1510 est,
385 1439 467 1512 quod
496 1451 616 1512 oportet
645 1457 735 1495 omne
764 1435 910 1494 dilectum
938 1456 955 1493 a
980 1441 1043 1494 Deo
1072 1457 1135 1494 esse

147 1527 178 1584 in
206 1539 343 1600 ternpore
374 1545 444 1582 suo:
479 1545 571 1582 unum
600 1524 693 1599 prius,
727 1538 756 1582 et
784 1524 868 1580 aliud
900 1524 1059 1598 posterius.
1099 1528 1135 1580 Et

149 1613 346 1671 confirmacio
378 1612 463 1669 istius
496 1625 550 1682 est,
584 1614 665 1687 quod
698 1614 779 1686 apud
809 1613 906 1668 Deum
934 1611 1039 1668 omnia
1067 1624 1136 1669 sunt

149 1700 316 1775 presencia,
341 1713 374 1756 ut
389 1699 576 1774 Augustinus
598 1713 626 1757 et
647 1699 702 1757 iste
718 1703 831 1757 Doctor
848 1718 916 1755 curn
941 1698 1007 1755 aliis
1031 1697 1135 1755 dicunt

150 1787 352 1845 concorditer.
376 1787 472 1844 Aliter
494 1787 574 1843 enirn
599 1807 662 1844 non
685 1788 753 1862 plus
777 1786 927 1844 diceretur
950 1790 1030 1843 Deus
1055 1805 1136 1843 corn-

108 1879 136 1931 15
150 1877 338 1949 prehendere
361 1874 465 1931 omnia
488 1873 589 1947 simul,
613 1893 704 1950 quarn
730 1876 822 1932 homo
847 1873 1014 1948 intelligere
1033 1872 1136 1930 omnia

151 1961 256 2033 simul,
285 1974 367 2036 patet
395 1981 476 2035 ergo,
506 1964 589 2035 quod
617 1961 642 2018 si
667 1974 767 2037 partes
791 1960 938 2036 temporis
961 1973 1030 2017 sunt
1054 1962 1135 2034 apud

151 2052 261 2122 Deum,
284 2062 356 2106 tunc
378 2067 447 2106 vere
469 2061 548 2106 sunt.

199 2305 224 2352 4.
245 2291 285 2354 Cf.
305 2289 408 2338 Bradw.
427 2289 490 2340 ibid.
509 2290 517 2338 l
538 2291 569 2341 23
590 2291 663 2342 Corr.
682 2289 746 2354 (Ed.
764 2290 861 2352 Lond,
877 2305 904 2354 p.
918 2292 976 2341 240
988 2288 1038 2354 El:
1060 2287 1136 2339 Unde

149 2361 272 2424 sequitur
291 2359 441 2424 manifeste,
460 2359 531 2425 quod
543 2358 619 2410 Deus
638 2361 737 2411 nullum
751 2361 856 2411 noviter
867 2359 962 2428 diligit
974 2372 1057 2426 neque
1069 2357 1135 2409 odit.
